2670 4824
243 372 284 416 22
554 344 618 407 EX
641 339 976 409 PRAEFATIONE

243 491 342 560 quam
356 484 406 548 ut,
424 486 521 532 versu
536 463 693 546 indicato,
716 470 908 535 sententiam
925 469 1029 535 solnta
1047 472 1210 548 oratione,
1229 471 1290 539 sed

242 575 351 640 verbis
361 576 514 661 propriis,
528 571 739 663 subjicerem,
753 573 859 662 iisque
874 571 1010 654 dilectu,
1024 577 1134 664 positu
1150 595 1183 642 et
1192 577 1291 668 junc-

197 699 200 703 ’
242 699 316 746 tura
334 682 378 744 ita
396 679 602 768 temperant,
625 694 661 742 ut
681 678 802 765 poetici
824 696 957 744 ornatus
972 681 1096 745 semina
1111 699 1144 746 et
1158 705 1290 749 caussas

243 788 467 865 continerent3
480 783 570 850 unde
584 783 785 862 adolescens,
802 784 903 848 semel
918 787 1077 868 monitus,
1091 791 1290 876 comparatis

242 909 349 981 poetae
363 891 490 970 verbis,
513 890 608 955 facile
626 889 757 977 assequi
775 889 894 977 possit,
913 890 1018 977 qualis
1039 892 1161 979 poetici
1181 893 1288 981 phan-

241 998 386 1062 tasmatis
400 997 483 1060 ratio
498 1012 530 1059 et
549 1011 665 1060 natura
679 1017 741 1083 per
758 1017 793 1059 se
809 995 866 1072 sit,
888 995 1061 1084 qualisque
1075 997 1289 1086 amplificatio

191 1164 197 1181 ,
242 1120 276 1168 et
296 1102 464 1167 exornatio
480 1117 587 1189 poetae
605 1115 674 1163 arte
692 1100 881 1178 accesserit,
900 1097 990 1163 unde
1010 1101 1101 1165 color
1118 1104 1288 1190 poeticus,

243 1210 413 1273 sententiae
428 1207 568 1295 dignitas
583 1206 636 1270 vel
650 1206 846 1285 sublimitas,
862 1206 1017 1270 orationis
1033 1204 1174 1294 dignitas
1186 1225 1220 1274 et
1235 1233 1289 1274 or·

242 1316 352 1393 natus,
366 1314 488 1402 petitus
504 1311 562 1390 sit;
578 1308 658 1401 quid
673 1311 707 1375 in
722 1310 801 1398 ipsis
814 1308 938 1389 verbis,
951 1309 1129 1374 verborum
1145 1310 1286 1396 dilectu,

242 1437 414 1497 structura,
431 1418 655 1495 collocatione,
672 1417 837 1504 gravitate,
854 1415 1016 1505 pondere,
1033 1433 1165 1495 ornatu,
1182 1421 1287 1507 copia,

242 1525 455 1614 exquisitiore
469 1523 577 1611 aliqua
592 1522 747 1600 llexione,
764 1521 883 1609 ligura,
903 1538 959 1586 aut
974 1537 1043 1586 toto
1058 1522 1216 1588 orationis
1230 1524 1287 1589 ha·

240 1630 327 1705 bitu,
351 1630 457 1708 cultu,
482 1628 641 1716 elegantia
662 1645 694 1692 et
714 1627 886 1715 dignitate,
909 1628 1080 1693 immutato
1104 1645 1137 1692 et
1157 1630 1288 1696 inverso

240 1735 368 1820 uulgari
389 1732 524 1812 ordine,
552 1749 659 1822 poetae
684 1749 788 1797 artem
812 1750 844 1799 et
864 1731 1028 1824 judicium
1054 1733 1287 1801 commendare

243 1838 372 1903 debeat.

287 1944 446 2034 Pleraque
461 1944 561 2010 verbo
574 1962 703 2010 tantum
718 1947 851 2023 monui3
866 1943 924 2009 sed
939 1963 977 2010 ut
988 1943 1126 2011 verbum
1140 1945 1226 2038 illud
1240 1951 1286 2014 rei

243 2067 276 2114 et
294 2051 431 2116 consilio
446 2075 589 2141 meoque
603 2053 715 2116 sensui
735 2053 811 2117 satis
830 2070 1087 2117 consentaneum
1106 2056 1285 2143 reperirem

243 2171 275 2219 et
289 2173 494 2243 exputarem,
511 2159 571 2222 etsi
586 2157 668 2222 illud
683 2182 786 2237 nunc,
808 2181 884 2223 cum
902 2182 921 2222 a
941 2182 995 2223 me
1013 2160 1203 2249 appositum
1219 2180 1284 2244 est,

241 2262 318 2325 satis
333 2261 481 2341 obvium,
499 2280 531 2327 et
544 2263 677 2350 vulgare
693 2264 793 2341 forte,
813 2262 917 2327 videri
932 2281 1057 2353 potest,
1073 2287 1160 2353 saepe
1176 2283 1285 2334 tamen

242 2366 420 2430 intentiore
433 2368 629 2454 cogitatione
645 2384 678 2430 et
691 2391 769 2451 cura
784 2392 878 2456 opus*
888 2370 969 2449 fuit,
992 2393 1091 2459 quam
1106 2371 1148 2436 ad
1167 2373 1285 2440 multas

241 2493 262 2534 e
282 2470 521 2559 copiosioribus
542 2473 627 2536 notis
644 2472 907 2538 conscribendas.
929 2474 1000 2540 Alia
1019 2475 1101 2540 mihi
1120 2479 1286 2547 monenda

241 2577 359 2662 fuere,
373 2598 449 2639 cum
468 2575 685 2664 interpretum
699 2578 842 2667 aliquem
857 2594 890 2644 et
901 2580 1009 2644 virum
1024 2578 1161 2646 doctum
1175 2584 1210 2649 in
1224 2584 1287 2652 hoc

241 2679 295 2743 vel
319 2681 377 2745 illo
395 2679 470 2745 loco
490 2698 522 2745 et
540 2682 641 2745 verbo
660 2683 791 2748 haesisse
809 2682 974 2764 riderem,
996 2710 1072 2751 nam
1091 2688 1234 2755 faciebat
1251 2715 1286 2756 ea

240 2806 295 2870 res
309 2785 495 2874 probabile,
513 2787 585 2852 fieri
603 2811 714 2877 posse,
737 2806 773 2853 ut
788 2791 885 2854 etiam
902 2791 984 2857 alius
998 2791 1040 2856 ad
1056 2793 1202 2859 eundem
1216 2819 1285 2863 sco·

241 2889 360 2975 pulum
375 2889 575 2971 offenderet,
592 2893 652 2956 etsi
674 2916 749 2957 meo
768 2912 866 2960 sensu
880 2895 972 2961 locus
987 2897 1069 2960 nibil
1084 2897 1286 2968 difficultatis

166 3028 171 3045 ι
242 2989 366 3056 habere
380 2995 468 3058 visus
484 3014 567 3076 erat3
581 2996 640 3073 sed
654 2999 769 3063 monui
781 2999 897 3080 verbo,
913 3000 1109 3092 plerumque
1121 3006 1213 3071 nulla
1227 3008 1286 3074 alia

241 3116 293 3175 rc,
310 3120 409 3186 quam
423 3121 500 3163 vera
514 3100 783 3189 interpretatione
798 3102 965 3194 subjecta;
985 3129 1059 3199 quae
1073 3110 1100 3173 si
1115 3111 1169 3175 cui
1183 3113 1286 3179 otiosa

243 3201 296 3264 vel
310 3202 391 3267 levis
405 3204 472 3268 visa
487 3206 600 3299 fuerit,
616 3224 792 3299 antequam
806 3209 848 3274 de
863 3211 933 3301 ejus
952 3212 1126 3279 inutilitate
1139 3240 1285 3305 pronun·

244 3307 316 3386 tiet,
331 3308 411 3373 alios
425 3311 524 3375 velim
539 3312 733 3401 interpretes
748 3332 781 3381 et
799 3335 1073 3384 commentatores
1086 3322 1287 3391 evolvendos

244 3411 307 3476 sibi
323 3435 393 3478 esse
408 3431 511 3502 putet.

288 3519 443 3583 Ceterum
456 3544 564 3610 operae
579 3548 676 3605 meae,
693 3529 754 3591 etsi
767 3523 988 3595 tumultuariae
1001 3532 1087 3612 fere,
1104 3555 1195 3613 cum,
1213 3551 1287 3623 post

243 3623 389 3710 priorem
414 3628 558 3692 Tomum
579 3632 766 3718 vulgatum,
791 3653 937 3721 poetam,
964 3660 1024 3725 per
1048 3639 1160 3725 plures
1181 3662 1286 3706 annos

244 3730 434 3816 sepositum,
448 3756 590 3824 moxque
602 3738 788 3824 repetitum,
800 3743 1031 3827 parmensium
1044 3765 1130 3830 saepe
1142 3745 1288 3832 plurium

244 3831 421 3898 decursum
435 3837 550 3902 itidem
565 3840 636 3903 aliae
655 3862 742 3907 cnrae
760 3862 792 3909 et
809 3845 994 3912 officiorum
1011 3865 1120 3936 partes
1134 3851 1286 3916 manibus
1313 3884 1325 3927 r

246 3955 447 4021 excuterent,
463 3942 545 4006 ratio
560 3944 622 4008 fuit
636 3946 705 4011 fere
717 3948 801 4028 baec,
816 3966 854 4013 ut
864 3954 1006 4035 primum
1019 3954 1213 4043 particulam
1227 3954 1286 4018 ali-

246 4066 344 4135 qnam
357 4062 465 4136 poetae
479 4045 520 4114 ad
531 4070 643 4116 meum
656 4074 788 4120 sensum
802 4053 1047 4147 interpretarer,
1062 4080 1203 4150 quaeque
1217 4081 1287 4127 mo·
1312 4120 1324 4146 ,
