2670 4824
10 3217 14 3248 l

10 3297 17 3328 l

10 3376 20 3408 b

10 3600 25 3645 ll

20 3680 29 3720 l

313 116 861 189 sacorna‘norrroms.
991 100 994 105 ’
1067 121 1144 208 37·

69 244 181 312 oculos
194 239 430 333 forteaelegentis
444 260 586 310 teneant.
601 241 785 309 racundiae
798 242 913 308 auditu
924 240 1108 330 fuit,quod

67 346 219 414 librarius
240 351 379 437 recepit,
401 349 521 413 chartae
542 365 575 411 et
592 347 760 411 literarum
780 349 886 411 nitore
907 368 942 411 se
962 347 1109 409 virorum

69 453 321 542 elegantiorum,
341 453 491 541 inprimis
506 469 707 530 exterorum,
727 454 811 516 votis
828 474 900 517 esse
916 452 992 517 satis
1007 439 1110 516 factu·

68 579 159 638 rum3
179 581 259 622 nam
272 574 447 635 nostrates,
464 559 521 646 qui
537 559 645 622 literas
659 573 782 635 amant,
806 556 847 622 de
862 557 997 621 internis
1011 555 1109 620 libro·

67 685 140 739 rum
153 661 288 727 dotibus
303 664 405 750 magis
420 663 549 727 solliciti
564 685 635 727 esse
649 663 756 727 solent
769 665 822 747 (r).
914 662 919 671 '

108 770 196 833 Cum
214 771 250 832 in
271 769 381 856 priore
403 767 548 832 editione
566 768 742 832 lectionem
765 768 975 833 Heinsianam
995 791 1014 831 a
1030 769 1108 831 Bur·

64 896 189 938 manno
201 873 412 939 constitutam
424 871 563 937 reddere
576 872 807 952 decrevissem,
825 872 908 938 nihil
918 888 1043 937 mutare
1052 895 1108 935 vo·

63 977 274 1056 lucram,nisi
283 980 317 1041 in
327 979 507 1043 manifestis
518 978 988 1065 erroribus3inposterioribus
998 995 1108 1042 tamen

64 1082 212 1148 AEneidis
225 1083 317 1147 libris
331 1082 553 1171 intelligebam
566 1083 610 1147 ab
626 1106 665 1147 eo
680 1084 816 1148 consilio
827 1082 909 1147 mihi
924 1104 994 1148 esse
1009 1083 1109 1148 disce·

64 1186 232 1267 dandum,
253 1211 330 1254 cum
353 1189 387 1252 in
411 1189 449 1252 iis
466 1189 739 1279 Burmannianam
761 1186 939 1253 editionem
960 1188 1107 1253 viderem

62 1290 155 1357 haud
166 1290 244 1358 satis
258 1290 431 1375 emendate
446 1316 630 1382 expressam
645 1317 731 1375 esse,
749 1295 887 1359 maxime
902 1295 935 1358 in
948 1295 1107 1383 scriptura

62 1417 122 1461 seu
135 1396 385 1486 orthographia,
402 1399 487 1462 forte
500 1399 590 1487 quod
605 1400 714 1487 operis
727 1398 816 1463 aliud
831 1401 997 1487 exemplar
1010 1422 1106 1465 excu-

63 1498 214 1564 dendum
236 1501 392 1566 traditum
419 1503 536 1567 iuerat.
566 1503 661 1567 Redii
684 1504 794 1592 itaque
815 1502 857 1567 ad
880 1505 1108 1568 recensionem

63 1604 287 1670 Heinsianam.
303 1607 447 1672 Omnino
460 1625 579 1686 tamen,
592 1607 750 1697 quicquid
762 1630 821 1672 seu
835 1610 869 1671 in
884 1608 1034 1687 lectione,
1047 1631 1107 1674 seu

61 1708 96 1773 in
122 1709 389 1798 interpunctione
410 1709 550 1792 mutavi,
586 1713 620 1775 in
650 1714 726 1775 Var.
752 1715 841 1776 Lect.
876 1729 990 1776 notare
1015 1712 1106 1778 haud

62 1814 203 1902 neglexi.
211 1817 346 1896 Verum,
358 1839 433 1881 cum
443 1816 545 1880 semel
557 1817 591 1879 in
605 1815 669 1881 boc
683 1814 793 1893 incidi,
807 1816 943 1879 omnino
955 1815 1105 1905 quaedam
1182 1887 1187 1901 ‚

62 1919 156 1986 eade
170 1943 207 1985 re
221 1937 258 1984 nt
272 1921 492 2009 interponam,
512 1922 700 1985 consultum
715 1942 785 1984 esse
799 1919 940 1984 videtur.

104 2025 215 2107 Quam
228 2027 352 2091 incerta
363 2041 397 2090 et
405 2025 530 2098 lubrica
544 2047 596 2089 res
607 2042 639 2089 et
653 2026 694 2088 sit
706 2040 739 2088 et
753 2047 824 2089 esse
839 2022 957 2088 debeat
966 2025 1106 2112 scriptu·

61 2149 105 2193 rae
117 2128 203 2192 ratio
215 2145 248 2193 et
256 2150 328 2193 mos
340 2128 375 2194 in
384 2129 475 2193 omni
484 2128 604 2216 lingua,
613 2129 780 2192 neminem
788 2129 880 2215 fugit,
892 2130 949 2217 qui
959 2129 1106 2192 animum

62 2231 103 2296 ad
120 2232 193 2297 haec
210 2231 406 2313 adverterit3
430 2234 579 2321 inprimis
600 2251 710 2298 tamen
729 2236 896 2297 Romanus
918 2256 1026 2298 sermo
1043 2233 1106 2300 hac

60 2355 154 2425 parta
167 2337 274 2401 multo
288 2338 390 2426 magis
408 2336 548 2416 laborat,
564 2361 664 2427 quam
677 2339 789 2403 Graeca
802 2339 927 2425 lingua,
948 2339 1105 2427 quoniam

60 2441 101 2506 ad
116 2441 362 2530 grammaticam
375 2441 589 2506 subtilitatem
603 2443 705 2507 serius
718 2443 780 2505 fuit
794 2460 964 2507 revocatus
979 2459 1012 2507 et
1028 2443 1105 2530 quia
1172 2519 1174 2522 Ι

61 2548 185 2612 seriore
198 2567 283 2625 aevo,
299 2568 400 2635 equo
420 2546 579 2635 pleraque
598 2564 812 2610 monumenta
826 2545 867 2610 ad
886 2569 947 2610 nos
965 2571 1103 2626 venere,

62 2666 250 2739 temporum
261 2649 500 2739 hominumque
514 2650 663 2715 barbarie
679 2650 733 2714 ille
748 2652 810 2714 fuit
824 2668 1007 2740 corruptus.
1023 2654 1103 2716 Nul-

60 2754 109 2820 lus
128 2756 242 2844 itaque
260 2771 358 2820 rectae
378 2778 416 2820 ac
436 2777 522 2820 verae
542 2757 677 2820 rationis
696 2754 819 2820 fundus
839 2773 887 2820 est
906 2758 981 2821 satis
999 2756 1102 2838 fidus,

62 2861 126 2925 sive
144 2876 292 2949 etymum
315 2861 475 2948 sequaris,
500 2858 592 2950 quod
612 2861 721 2925 nullus
740 2861 882 2950 populus
899 2862 933 2925 in
951 2863 1105 2928 omnibus

64 2967 196 3044 retinet,
212 2966 280 3029 sive
294 2967 541 3045 auctoritatem
560 2989 637 3030 nam
652 2967 871 3054 antiquiorem
888 2968 922 3030 in
944 2969 1052 3031 numis
1071 2985 1105 3031 et
1196 3032 1199 3041 ,

65 3068 278 3134 marmoribus
292 3068 442 3143 videmus
456 3071 624 3150 fluctuare,
640 3072 797 3136 seriorem
811 3088 922 3135 autern
936 3072 980 3135 ita
995 3087 1104 3136 couta-

66 3175 218 3239 minatam
236 3195 326 3253 esse,
348 3190 385 3238 ut
405 3176 458 3238 vix
480 3175 600 3239 habeas
625 3174 715 3293 quod
738 3198 887 3264 sequare.
908 3177 1104 3241 Persuasum

69 3291 171 3342 tamen
190 3276 252 3341 sibi
270 3274 416 3342 habuere
435 3280 557 3366 passim
578 3281 639 3343 virt
631 3279 761 3359 docti,
782 3281 923 3366 priscam
938 3277 1103 3346 scribendi

72 3381 221 3445 rationem
239 3383 385 3447 revocari
406 3406 503 3471 posse
522 3401 579 3448 aut
598 3408 618 3450 a
635 3406 670 3449 se
691 3401 876 3450 revocatam
892 3406 975 3451 esse
995 3372 1102 3452 Etiam

11 3449 132 3565 ,llic
160 3487 315 3554 Heinsius
339 3510 432 3554 suam
459 3488 596 3578 Virgilio
624 3489 890 3581 orthographiam
918 3489 1101 3553 restitutam

109 3739 140 3811 (1)
149 3745 273 3800 Curatum
280 3763 368 3803 tamen
378 3764 425 3817 est,
435 3765 465 3804 ut
473 3752 554 3824 hujus
608 3751 769 3804 cuderentur
785 3752 842 3802 sine
858 3750 913 3801 istis
932 3748 1045 3799 externis
1059 3766 1103 3800 or·

89 3833 172 3892 qaoque
188 3825 313 3884 editionis
333 3829 491 3903 exemplaria
511 3849 556 3887 ex·
608 3834 749 3901 ramentis,
760 3827 999 3904 eaqueparabilia3
1016 3847 1041 3881 a.
1055 3827 1102 3899 δᾳ,
