2670 4824
280 367 529 433 accoron
552 365 839 430 nomionis.
1042 371 1084 456 4¹7

10 464 12 479 Ι
54 509 151 582 pertus
170 492 241 579 ipse
262 489 384 567 didici,
411 510 509 577 quam
530 509 647 574 parurn
670 502 738 550 tuta
759 509 811 550 res
832 486 887 565 sit,
909 484 1085 551 emendare

53 595 267 685 apographum
278 617 377 681 prave
388 608 565 670 exaratum,
577 607 634 655 aut
644 589 888 655 emendandum
898 591 1085 680 relinquere

54 701 82 765 ris
101 701 158 789 qui
178 696 325 763 madidas
347 720 365 761 e
386 695 480 784 prelo
501 694 629 760 chartas
650 696 815 782 corrigere
836 717 999 784 recepere.
1023 699 1084 760 Re·

55 803 213 870 deundum
230 804 340 892 itaque
353 818 402 867 est
418 799 507 865 haud
525 799 626 864 dubie
639 799 682 863 ad
701 798 862 865 editiones
882 802 1085 865 Heinsianaa

55 912 218 974 Enimvero
245 909 342 972 etiam
367 907 420 972 hae
444 903 541 969 valde
564 907 650 969 inter
672 926 707 968 se
731 904 932 993 discrepant,
955 929 1030 970 curn
1052 907 1086 970 in

56 1017 240 1104 scriptione,
259 1036 318 1078 seu
337 1011 587 1101 orthographia,
605 1028 676 1076 tum
695 1012 834 1075 maxime
851 1012 884 1074 in
901 1013 1088 1100 interpunc-

57 1123 141 1186 tione.

10 1226 13 1333 p
90 1229 257 1304 Ceterum,
271 1224 403 1288 fortuna
415 1222 524 1311 aliqua
536 1223 692 1311 propitia,
706 1223 788 1286 mihi
802 1223 952 1309 contigit,
970 1240 1007 1286 ut
1023 1224 1088 1289 lec·

57 1331 140 1396 tionis
163 1329 350 1416 Virgilianae
372 1328 505 1392 annales
526 1328 669 1393 condere
688 1352 777 1393 nunc
797 1350 929 1416 possem
953 1329 1088 1394 meliore

58 1459 120 1500 cum
135 1434 201 1499 fide
220 1457 258 1500 ac
276 1433 420 1521 pleniuS,
441 1456 540 1521 quam
559 1434 593 1495 in
608 1432 753 1508 editione
765 1434 885 1520 priore.
899 1435 983 1496 Cum
1000 1436 1089 1497 enim

59 1540 205 1605 editiones
218 1538 351 1625 Aldinas
362 1536 404 1601 ad
414 1560 530 1602 manus
540 1538 696 1601 haberem
707 1560 831 1616 omneS,
845 1540 1089 1627 comparatione

60 1645 235 1734 diligentius
252 1644 335 1709 facta
349 1641 498 1723 tandem,
518 1642 552 1706 id
570 1641 660 1732 quod
677 1644 860 1733 suspicatus
872 1664 975 1722 eram,
994 1644 1088 1708 intel·

58 1751 122 1829 leri,
137 1750 268 1815 tertiam
290 1771 308 1813 a
324 1748 488 1835 Naugerio
504 1747 711 1812 emendatam
728 1749 877 1811 omniurn
894 1770 965 1812 esse
980 1772 1091 1814 emen·

61 1854 260 1933 datissimam,
274 1869 307 1917 et
324 1853 451 1917 Heinsii
468 1876 569 1941 opera
585 1876 644 1918 nos
661 1855 858 1943 plerumque
873 1853 1089 1942 supersedere

61 1960 205 2047 potuisse,
223 1961 250 2022 si
265 1981 338 2023 eam
352 1956 532 2022 editionem
545 1959 727 2046 exprimere
744 1959 933 2023 maluissent
947 1958 1089 2026 editores

10 2118 12 2154 3
62 2066 256 2156 sequentium
273 2080 476 2152 temporum,
497 2087 596 2153 quam
615 2063 747 2129 Aldinae
766 2065 893 2153 priores
910 2081 942 2128 et
958 2065 1091 2129 Floren-

10 2251 13 2261 ,
64 2172 131 2236 tinas
145 2195 185 2236 ex
196 2171 236 2234 iis
249 2167 377 2249 dilatae,
396 2170 505 2257 operis
518 2167 726 2234 excudendas
742 2167 885 2248 tradere,
905 2186 961 2233 aut
980 2192 1019 2232 ex
1036 2171 1090 2233 Al-

12 2360 14 2365 ·
65 2275 126 2341 dina
135 2277 247 2365 priore
259 2291 292 2340 et
306 2275 401 2339 tertia
414 2298 534 2339 novam
548 2275 725 2341 lectionem
739 2274 918 2340 miscellam
935 2274 1088 2339 conflare.

65 2383 169 2446 Verum
182 2380 225 2445 de
237 2380 288 2447 his
300 2379 376 2447 vide
387 2381 472 2446 infra
487 2378 528 2444 de
541 2379 624 2446 Edd.
639 2379 705 2446 Ser.
719 2381 883 2469 Gottingae
894 2381 941 2444 M.
953 2381 1091 2445 Decem·

66 2483 104 2549 hri
118 2487 208 2575 1787.
499 2499 500 2502 ’
