2670 4824
147 361 188 440 42
487 400 490 405 »
534 355 799 423 rnnrlrro

145 503 227 559 esse,
244 501 343 568 quam
355 478 610 566 interpungendi
626 481 788 544 rationem
798 481 832 544 in
843 481 1084 571 exemplaribus
1095 482 1190 574 scrip·

145 585 187 648 tis
207 602 239 648 et
263 585 297 647 in
318 585 483 673 plerisque
505 582 611 648 editis.
631 583 807 650 Librorum
826 586 936 673 itaque
957 589 1133 653 auctoritas
1155 590 1188 654 in

145 689 410 778 interpunctione
422 690 557 752 omnino
570 711 640 753 esse
652 706 762 778 potest
775 691 875 754 nulla.
891 692 960 756 Nec
971 693 1132 782 majorem
1145 710 1189 757 ta·

146 817 224 858 men
233 818 345 860 curam
354 811 410 858 aut
422 810 543 858 certam
555 794 725 872 rationem,
738 791 781 857 ad
794 817 894 882 quam
905 795 1189 884 interpungerent,

147 916 283 964 tenuere
304 899 456 964 editores.
481 900 580 988 Atqui
598 896 640 963 ad
658 900 855 964 sententiam
876 899 1143 965 constituendam
1158 916 1191 965 et

148 1003 386 1092 expediendam
400 1005 434 1068 in
447 1004 598 1092 plurimis
612 1004 693 1071 locis
705 1027 803 1077 omne
815 1006 972 1070 auxilium
982 1022 1032 1070 est
1044 1029 1082 1070 ex
1092 1007 1190 1070 inter-

146 1111 346 1198 punctione;
365 1126 402 1174 ut
419 1110 520 1187 altera
535 1125 687 1197 exparte
704 1132 839 1176 sensum
857 1110 940 1176 nihil
958 1112 1062 1200 magis
1080 1110 1191 1176 turbat

148 1239 247 1304 quam
264 1239 363 1306 prava
384 1216 623 1304 interpunctio:
646 1215 918 1305 quandoquidem
936 1216 1035 1306 hujus
1055 1218 1141 1282 ratio
1157 1234 1192 1282 et

146 1323 346 1411 principium
360 1319 576 1409 quaerendum
593 1338 642 1385 est
660 1322 694 1384 in
713 1320 795 1401 hoc,
818 1339 855 1386 ut
869 1338 979 1388 exacte
992 1321 1192 1411 respondeat

146 1425 201 1490 illa
210 1428 448 1491 enuntiationis
462 1426 609 1514 partibus
622 1450 697 1491 cum
714 1427 893 1517 majoribus
907 1444 977 1492 tum
988 1427 1190 1508 minoribus;

147 1554 214 1619 quo
234 1532 352 1596 eodem
377 1531 478 1597 modo
504 1533 602 1597 etiam
625 1534 850 1621 pronuntiatio
873 1551 1024 1622 rogatum
1046 1550 1083 1597 ut
1107 1531 1191 1598 adeo

147 1659 251 1700 unum
264 1637 420 1727 idemque
430 1639 472 1703 sit
483 1655 571 1703 recte
586 1639 742 1726 cogitare,
759 1640 896 1704 recitare
909 1655 943 1703 et
955 1638 1116 1719 scribere,
1132 1638 1192 1704 dis·

146 1742 262 1808 tinctio
273 1745 361 1807 enim
373 1743 464 1833 ‚justa
478 1745 643 1833 interponi
658 1767 726 1808 nou
739 1762 862 1832 potest,
882 1745 945 1809 nisi
965 1745 1192 1810 enuntiatione

146 1849 181 1911 in
196 1865 305 1936 partes
319 1871 393 1913 suas
411 1851 472 1914 rite
486 1850 647 1930 resoluta3
666 1850 694 1915 si
712 1873 780 1914 non
795 1851 935 1930 calamo,
950 1851 1066 1915 saltem
1080 1867 1191 1915 mente

147 1970 180 2017 et
200 1955 321 2018 animo.
345 1954 395 2026 Ad
417 1955 717 2044 interpunctionem
737 1957 848 2045 itaque
869 1957 1014 2043 primum
1034 1956 1069 2019 in
1090 1957 1192 2020 altera

145 2061 274 2124 minore
287 2060 431 2125 editione
445 2061 603 2151 majorem
614 2083 727 2127 curam
740 2060 974 2140 adhibueram,
997 2077 1068 2124 tum
1087 2061 1191 2124 multo

145 2167 248 2254 magis
263 2169 296 2230 in
308 2165 370 2232 hac
381 2168 476 2232 tertia
490 2166 649 2232 adhibere
663 2165 785 2233 studui.

147 2308 149 2315 =
190 2272 229 2334 ln
249 2273 391 2336 lectione
414 2270 571 2337 mutanda
594 2295 683 2338 nunc
704 2272 818 2360 paullo
841 2273 916 2360 plus
938 2271 1021 2335 mihi
1048 2270 1190 2350 indulsi,

146 2399 245 2464 quam
260 2377 294 2439 in
302 2375 385 2439 edd.
401 2377 582 2463 prioribus;
597 2379 728 2442 frenum
740 2394 850 2442 tamen
863 2394 896 2442 et
909 2377 963 2442 hic
978 2377 1075 2466 injeci
1091 2377 1192 2464 impe·

146 2483 194 2544 tui
209 2480 501 2546 rationibus-certis
513 2481 602 2569 apud
614 2484 760 2547 animum
779 2484 965 2572 propositis.
982 2484 1125 2546 Possunt
1143 2481 1191 2544 in·

145 2607 283 2649 numera
304 2608 380 2650 cum
401 2587 509 2674 specie
530 2587 639 2676 aliqua
658 2589 795 2667 mutari,
820 2611 924 2677 pauca
947 2610 1023 2652 cum
1044 2588 1191 2665 ratione,

146 2711 220 2779 quae
232 2692 354 2769 vincat,
370 2692 414 2755 ita
431 2692 589 2780 scriptum
603 2693 724 2757 fuisse:
745 2717 807 2758 nec
825 2710 948 2771 tamen,
970 2693 997 2756 si
1015 2714 1091 2757 acre
1103 2691 1191 2781 judi·

146 2796 234 2858 cium
248 2794 421 2874 adhibeas,
441 2797 504 2860 alia
518 2799 552 2860 in
569 2815 757 2862 contextum
773 2797 961 2887 recipienda
979 2819 1049 2861 esse
1064 2796 1191 2885 judica·

145 2897 206 2963 bis.
229 2900 371 2964 Plurima
395 2901 428 2964 in
450 2901 511 2966 hac
535 2904 662 2968 critices
681 2921 773 2991 parte
793 2919 887 2982 sunt,
911 2924 984 2990 quae
1006 2900 1049 2965 ad
1068 2902 1191 2989 ingenii

146 3005 256 3069 lusum
268 3029 422 3071 revocare
436 3008 545 3086 soleo;
561 3008 593 3071 in
604 3008 771 3097 plerisque
786 3032 828 3071 ne
839 3007 974 3097 quidem
984 3008 1191 3094 ingeniosum

145 3113 233 3176 satis.
247 3115 343 3192 Nam,
358 3137 435 3179 cum
448 3115 513 3177 sint
527 3115 713 3193 innumera,
730 3115 879 3203 inprimis
892 3115 926 3176 in
937 3113 1060 3201 poetis,
1074 3113 1109 3175 in
1122 3114 1192 3201 qui·

145 3217 209 3282 bus
222 3236 381 3306 perpetua
395 3241 466 3284 esse
485 3220 587 3284 soleat
601 3221 770 3308 scripturae
788 3219 940 3297 varietas,
962 3234 999 3280 ut
1017 3219 1129 3281 sensui
1147 3234 1198 3284 ta·⁴

145 3346 223 3387 rnen
241 3347 357 3411 parum
377 3323 455 3389 inde
474 3347 533 3389 seu
553 3324 691 3390 decedat
712 3347 771 3389 seu
791 3319 940 3402 accedat,
961 3343 1035 3412 quae
1057 3320 1192 3385 tandem

145 3430 215 3494 laus
231 3430 285 3494 illa
297 3452 367 3494 esse
378 3447 501 3517 potest,
518 3449 555 3494 ut
567 3431 692 3519 ubique
707 3430 800 3493 nullo
813 3427 855 3492 ad
868 3429 1061 3515 scriptorem
1081 3427 1192 3489 fructu

146 3557 207 3622 pro
224 3536 327 3599 altero
350 3536 489 3599 alterum
511 3537 678 3601 inculces?
700 3537 801 3599 Porro
825 3536 858 3597 in
880 3533 986 3621 poetis
1005 3548 1082 3595 sunt
1104 3547 1192 3596 certa

144 3641 383 3728 phantasmata,
398 3640 498 3705 verba
517 3641 692 3719 sollennia,
712 3640 858 3728 epitheta
874 3637 1079 3716 communia,
1100 3657 1191 3726 quae,

143 3747 172 3807 si
195 3746 297 3810 semel
320 3749 478 3810 memoria
496 3746 686 3834 complexus
700 3747 765 3825 sie,
788 3760 955 3834 promtum
978 3758 1045 3821 est,
1066 3741 1192 3830 ubique

144 3851 279 3928 afferre,
296 3868 328 3914 et
346 3848 424 3914 inde
443 3874 501 3916 seu
521 3852 761 3916 emendationis
780 3873 839 3915 seu
855 3850 1070 3938 conjecturae,
1093 3847 1193 3910 inter·

144 3956 226 4025 dum
237 3955 332 4021 valde
345 3959 531 4044 ingeniosae,
544 3959 714 4023 materiem
727 3980 884 4047 quaerere.
900 3955 980 4019 Aliae
992 3952 1192 4041 conjecturae

144 4059 306 4146 proficisci
322 4063 427 4127 solent
445 4086 483 4127 ex
498 4085 648 4130 sermone
668 4065 799 4152 poetico
810 4112 818 4144 ,
842 4084 941 4150 quem
962 4060 1036 4147 quis
1055 4056 1097 4122 ad
1118 4079 1193 4122 nor·
