2670 4824
336 372 608 443 EDITIONIS
632 374 812 440 PRIMAE.
1059 373 1096 442 13

70 517 125 588 qua
136 497 178 567 ab
194 519 234 578 eo
250 497 392 577 erudite,
408 499 472 563 hoc
487 516 549 577 est,
565 501 633 562 sive
648 522 687 562 ex
705 498 825 562 fabulis
842 513 875 561 et
889 494 1033 563 historiis
1046 524 1096 564 ar·

67 607 173 670 cessita
187 606 256 669 sive
271 627 310 667 ex
325 605 514 668 Graecorum
535 621 708 691 poetarum
728 603 909 667 imitatione
927 604 1033 691 posita
1047 628 1095 668 es·

60 692 143 790 sent,
160 709 216 773 illa
227 710 313 787 loca,
329 709 356 772 si
371 726 561 796 supersunt,
578 710 727 786 excitavi,
743 730 805 773 nec
819 724 942 788 tamen,
956 711 1018 773 etsi
1032 709 1097 775 hoc

55 796 145 879 'nunc
159 816 283 879 factum
296 836 366 879 esse
381 812 547 877 interdum
561 814 706 892 mallem,
725 815 850 901 integra
862 812 1035 902 adscripsi,
1053 837 1097 879 ne

58 919 160 982 moles
180 919 493 984 commentariorum
513 917 650 982 modum
675 918 856 984 excederet.
880 920 955 1000 Quo
977 919 1098 984 eodem

58 1041 147 1088 metu
166 1048 230 1089 nec
248 1025 397 1111 exempla
410 1046 601 1089 coacervare
622 1025 657 1087 in
676 1022 819 1089 dictione
838 1022 1027 1111 explicanda
1040 1048 1097 1089 vo·

57 1126 117 1209 lui,
137 1128 215 1208 sed,
232 1152 307 1195 cum
325 1129 518 1194 brevitatem
532 1151 632 1193 unam
647 1129 795 1192 omnimn
809 1129 983 1193 maximam
995 1130 1096 1193 virtu·

57 1251 121 1297 tem
136 1235 211 1298 talis
228 1256 336 1321 operae
355 1255 425 1298 esse
444 1250 610 1321 putarem,
633 1234 896 1323 quotiescunque
914 1233 1022 1310 licuit,
1040 1252 1098 1298 aut

56 1339 158 1403 verbo
173 1363 243 1403 rem
263 1340 394 1418 monui,
414 1355 470 1403 aut
490 1338 531 1403 ad
549 1341 636 1403 viros
655 1338 769 1403 doctos
787 1339 945 1404 lectorem
965 1339 1094 1416 remisi,

56 1446 112 1532 qui
126 1446 347 1532 copiosiorem
361 1444 617 1532 disputationem
630 1442 841 1508 desideraret.

98 1551 168 1613 Nec
194 1567 304 1613 tamen
330 1566 433 1613 totam
460 1571 567 1612 meam
592 1549 856 1638 qualemcunque
884 1573 1017 1637 operam
1044 1550 1096 1614 his

54 1652 176 1729 finibus
191 1654 414 1720 circumscribi
433 1676 547 1742 passus
561 1676 644 1718 sum.
659 1655 744 1719 Cum
755 1656 915 1742 iVirgilius
934 1657 961 1719 is
979 1657 1038 1733 sit,
1060 1656 1096 1719 in

56 1781 120 1846 quo
136 1758 280 1847 legendo
299 1783 415 1847 magna
432 1759 630 1847 juvenilium
650 1757 834 1823 studiorum
853 1783 927 1847 pars
946 1761 1095 1825 consumi

57 1865 165 1943 soleat,
182 1888 224 1928 eo
238 1865 374 1953 quidem
388 1865 535 1942 consilio,
549 1862 730 1928 dummodo
742 1866 837 1929 multi
852 1864 885 1928 id
900 1863 961 1928 sibi
976 1887 1096 1952 propo·

58 1968 152 2033 situm
166 1969 341 2048 haberent,
357 1986 393 2033 ut
406 1968 448 2033 ad
462 1968 708 2034 adolescentum
723 1969 853 2056 ingenia
867 1969 1036 2057 polienda,
1052 1966 1096 2033 ad

59 2095 188 2147 sensum
204 2092 236 2139 et
250 2092 382 2162 gustum
396 2073 650 2161 pulchritudinis
664 2073 866 2152 acuendum,
880 2073 921 2137 ad
932 2073 1096 2162 judicium

10 2192 12 2209 ¹
59 2176 94 2243 de
105 2180 260 2244 omnibus
276 2181 315 2243 iis
329 2202 402 2267 quac
411 2179 452 2242 ab
462 2195 530 2242 arte
542 2195 574 2241 ct
584 2180 716 2265 ingenio
727 2179 890 2243 elaborata
900 2194 934 2241 et·
945 2200 1096 2264 expressa

59 2286 226 2357 oculorum
239 2285 406 2373 animique
421 2285 531 2348 sensui
545 2283 661 2372 subjici
676 2300 830 2371 possunt,
849 2280 1100 2347 informandum

60 2391 159 2455 valere
175 2391 231 2455 illa
244 2391 343 2455 lectio
357 2406 390 2453 et
401 2391 468 2453 vim
482 2389 604 2453 habere
619 2388 737 2453 debeat
748 2392 801 2474 (t),
818 2389 881 2455 feci
895 2387 940 2467 ἰὰ,
955 2385 1047 2477 quod
1059 2388 1097 2455 in

61 2493 114 2558 alio
128 2513 243 2583 poeta,
259 2497 317 2585 qni
332 2518 398 2558 non
413 2496 457 2558 ita
471 2496 620 2557 omnium
637 2495 788 2559 manibus
803 2494 935 2574 teritur,
957 2509 1014 2559 ant
1026 2514 1096 2561 uon

61 2600 114 2664 nisi
130 2625 152 2665 a
170 2600 413 2666 callentioribus
429 2617 461 2664 et
480 2599 683 2664 doctioribus
705 2601 840 2687 legitur,
860 2623 929 2663 non
946 2598 1028 2664 mihi
1047 2600 1094 2664 la·

62 2705 209 2769 tiendum
223 2728 293 2769 esse
308 2722 474 2792 putarem,
490 2721 608 2768 utnon
623 2704 724 2768 modo
740 2704 782 2769 ad
804 2728 842 2769 ea
861 2727 934 2792 quae
949 2703 1095 2770 difficilia

62 2799 94 2872 ad
114 2810 366 2898 intelligendum
389 2827 421 2873 et
440 2809 578 2874 obscura
596 2826 691 2888 sunt,
720 2833 836 2873 verum
856 2809 897 2873 ad
922 2811 975 2874 illa
996 2812 1095 2875 etiam

63 2911 233 3002 legentium
255 2917 381 2979 animos
403 2914 628 2993 adverterem,
654 2937 727 3002 quae
745 2915 884 3002 pulchra
899 2916 932 2978 in
949 2933 1048 3002 poeta
1062 2935 1096 2980 et

64 3022 208 3105 praeclara
225 3021 410 3108 insignique
430 3021 540 3108 aliqua
559 3037 729 3084 venustate
752 3020 923 3084 nobilitata
946 3037 1037 3099 sunt,
1059 3039 1096 3085 ut

65 3124 185 3206 iisdem,
206 3128 240 3189 in
254 3126 324 3189 aliis
338 3127 462 3212 poetis,
480 3127 547 3190 sive
567 3124 779 3189 observandis
793 3149 831 3190 ac
845 3124 1096 3213 deprehenden-

67 3225 104 3294 dis
125 3234 193 3296 sive
217 3230 456 3320 dijudicandis,
481 3231 721 3295 adsuescerent.
748 3232 855 3312 Quam
878 3233 1095 3319 interpretum

12 3414 18 3432 ,
69 3335 120 3401 sive
138 3337 316 3402 sollertiam
335 3338 403 3414 sive
422 3336 618 3401 industriam
636 3360 713 3402 cum
733 3358 819 3424 saepe
839 3337 873 3398 in
891 3337 1011 3422 puerili
1029 3336 1106 3400 lec·.

10 3573 23 3623 :⁸
59 3617 62 3623 Ι
95 3548 126 3617 (t)
144 3548 257 3616 Quintil.
271 3550 295 3614 l,
311 3550 341 3614 8,
357 3548 382 3615 4.
399 3553 482 3600 Cetera
498 3551 546 3598 ad-
596 3560 664 3614 peret
671 3567 682 3606 ;
703 3565 851 3612 quamquam
872 3549 909 3595 ad
928 3547 1095 3612 intelligendas

10 3630 13 3635 ’
71 3629 373 3695 monitionemognaegent,
389 3630 509 3696 inprimis,
522 3641 549 3676 ut
600 3646 680 3676 eorum
696 3630 799 3676 ‘uirtutes
806 3628 919 3696 firmiore
930 3628 1024 3692 judicio
1037 3644 1095 3690 opus

72 3712 140 3754 terrere
159 3720 263 3759 mentes,
284 3719 442 3770 tracturoeque
458 3708 545 3770 altius,
600 3718 666 3754 esset.
684 3707 734 3754 Sed
744 3707 799 3754 huic
814 3706 849 3752 rei
863 3716 968 3769 superest
982 3716 1095 3767 tenpus:

10 3801 26 3830 u
73 3785 169 3848 quicquid
185 3788 283 3835 nidibus
296 3789 440 3836 etomnium
457 3788 547 3852 ignaris
599 3799 678 3850 neque
691 3788 755 3834 enim
772 3787 846 3833 semel
857 3787 982 3850 legentum
1000 3784 1096 3833 t'rrten'rrl

13 3883 28 3910 u
74 3861 237 3930 mererium
248 3869 318 3915 modo
328 3867 548 3932 quadiserta,sed
598 3877 622 3912 et
637 3866 782 3914 sublimitate
798 3865 888 3912 heroici
907 3863 1019 3911 caminis
1036 3864 1094 3909 ani-

10 3940 30 3990 si
74 3943 425 4010 velmagisquoelionestasunt,
440 3947 543 3993 discant.
598 3961 649 3992 inus
662 3958 785 4010 assurgat,
800 3956 866 3992 etex
879 3942 1044 4008 magnitudine
1055 3959 1093 3989 re·

10 4062 15 4070 .
76 4019 160 4084 Ideoque
168 4025 255 4087 optime
267 4025 396 4073 institutum
407 4037 455 4088 est,
473 4037 500 4072 ut
513 4025 546 4071 ab
599 4041 651 4071 rum
667 4025 774 4087 spiritum
790 4026 876 4081 ducat,
898 4033 923 4072 et
941 4023 1033 4086 optimis
1049 4021 1093 4069 im-

76 4092 255 4168 Homerumque
272 4101 383 4173 Virgilio
401 4105 470 4156 lectio
487 4105 548 4158 inri-
601 4105 692 4154 baaru.
