2670 4824
72 319 76 329 ’
143 335 184 401 3ο
455 331 520 395 nx
541 330 872 399 rnnrnrrouu

141 478 258 522 verum
273 471 306 520 et
319 452 514 533 Pierianam,
527 470 560 518 et
573 455 620 519 sic
633 477 749 544 porro,
770 478 839 521 esse
857 454 1082 548 adjectorum,
1104 484 1178 527 cunt

142 560 299 651 equidem
313 558 414 624 fidem
428 576 543 648 putem
560 582 630 626 esse
644 561 861 648 praestandam
875 564 973 628 etiam
987 567 1021 630 in
1034 591 1075 632 eo
1090 567 1179 656 quod
1201 570 1205 579 ’

142 669 227 732 male
241 667 417 757 receperis,
437 667 529 731 nolui
547 665 588 730 ab
602 690 642 731 eo
658 665 748 757 quod
766 669 869 732 semel
886 688 1076 759 susceptum
1096 690 1178 753 erat,

142 773 307 840 recedere.
328 775 417 855 Tum
430 771 576 837 virorum
590 771 764 838 doctorum
772 772 898 864 judicia
913 797 1014 863 super
1026 780 1180 843 varietate

141 881 291 946 lectionis
303 897 336 944 et
349 878 501 943 codicum
515 879 759 966 comparatione
774 878 971 969 plerumque
984 904 1023 946 ea
1033 900 1127 961 sunt,
1149 898 1183 946 ut

142 986 224 1051 nihil
237 983 456 1051 omittendum
467 1005 537 1048 esse
546 998 674 1070 putent,
686 982 777 1071 quod
789 984 823 1046 in
833 983 944 1072 aliquo
955 985 1039 1050 libro
1049 989 1180 1075 scripto,

143 1093 196 1157 vel
210 1092 387 1180 exscriptis
400 1089 504 1169 edito,
517 1090 624 1167 aliter,
640 1112 740 1177 quam
753 1090 853 1178 vulgo
867 1091 999 1178 legitur,
1018 1110 1183 1159 exaratum

142 1199 194 1264 sit.
207 1198 240 1263 Si
251 1215 361 1262 tamen
376 1197 410 1258 in
419 1194 557 1284 Virgilio
571 1193 636 1259 hoc
647 1196 732 1258 forte
747 1194 884 1260 concedi
896 1184 1014 1283 potelt,
1027 1214 1184 1288 tanquam

143 1304 290 1391 fimeta
302 1300 470 1392 principe,
493 1300 609 1387 inquo
626 1298 709 1362 nihil
723 1300 820 1363 nimis
836 1300 908 1363 leve
926 1323 996 1364 esse
1010 1304 1133 1390 possit,
1153 1316 1186 1364 et

143 1410 177 1473 in
192 1432 259 1498 quo
269 1408 397 1474 critices
411 1404 599 1469 rudimenta
610 1403 760 1470 facienda
773 1406 839 1470 sint
849 1405 1050 1473 adolescenti
1062 1430 1069 1470 :
1083 1406 1186 1471 nolim

142 1533 252 1580 tamen
267 1503 421 1602 cuiquam
435 1510 573 1576 eandem
588 1512 749 1576 rationem
761 1512 892 1600 probari
911 1514 944 1577 in
960 1513 1031 1577 aliis
1050 1514 1188 1578 minoris

144 1620 309 1709 dignitatis
328 1618 552 1705 scriptoribus.
574 1618 606 1695 Si
630 1618 769 1681 enimin
792 1619 943 1707 Virgilio,
966 1635 1003 1682 ut
1024 1617 1187 1699 diximus,

143 1748 214 1790 esse
228 1740 337 1815 potest
350 1724 471 1788 utilitas
483 1723 593 1812 aliqua
608 1724 704 1786 variae
723 1724 872 1789 lectionis
885 1724 1074 1813 diligentius
1090 1727 1188 1789 etiam

143 1831 178 1894 in
197 1829 345 1895 obscuris
369 1845 402 1893 et
421 1827 577 1892 tenuibus
593 1844 650 1891 aut
671 1828 705 1892 in
724 1829 926 1894 sollennibus
945 1830 1112 1895 erroribus
1133 1829 1188 1894 ad·

143 1937 291 2024 scriptae:
315 1951 352 1998 ut
373 1934 552 2023 specimina
569 1931 713 1997 habeant
730 1933 954 1999 adolescentes
971 1937 1188 2001 festinationis

144 2058 177 2105 et
191 2043 333 2130 stuporis
349 2041 577 2105 librariorum:
603 2061 676 2128 quae
694 2038 829 2104 tandem
845 2041 879 2104 iu
893 2041 978 2115 aliis,
999 2058 1032 2105 et
1046 2041 1187 2130 ubique,

142 2170 215 2213 esse
228 2164 338 2236 potest
351 2148 473 2212 utilitas
489 2162 628 2210 enotatae
640 2147 819 2224 varietatis,
836 2168 923 2235 qnae,
940 2147 967 2210 si
982 2170 1060 2211 vere
1079 2145 1188 2227 dicae,

143 2255 280 2319 varietas
292 2253 382 2316 nulla
392 2268 450 2332 est,
467 2250 525 2315 sed
535 2274 625 2315 mera
639 2250 848 2315 librariorum
859 2251 1031 2330 aberratio,
1045 2252 1188 2318 millenis

143 2359 300 2446 exemplis
318 2356 446 2421 dudum
464 2374 556 2434 nota,
578 2353 679 2419 modo
694 2354 735 2418 ab
754 2356 895 2434 incuria,
913 2355 1016 2420 modo
1036 2355 1077 2420 ab
1097 2358 1190 2445 igno·

142 2465 263 2542 rantia,
281 2461 383 2526 modo
397 2485 416 2524 a
430 2461 539 2525 saeculi
554 2461 681 2524 inscitia
698 2461 860 2547 profecta,
876 2462 910 2524 in
925 2485 990 2550 qua
1008 2462 1091 2525 nihil
1108 2464 1188 2527 novi

143 2584 309 2649 occurrat,
322 2565 406 2630 nibil
420 2562 510 2653 quod
524 2587 591 2627 non
605 2565 784 2629 sexcenties
799 2565 1009 2630 observatum
1023 2566 1083 2647 sit3
1104 2566 1188 2630 nihil

142 2672 234 2763 quod
247 2673 392 2761 aliquem
404 2672 548 2734 fructum
563 2669 691 2749 habeat,
706 2688 762 2735 aut
773 2670 895 2735 habere
908 2672 1020 2759 possit.
1032 2672 1188 2760 Inprimis

142 2796 253 2843 autem
265 2778 299 2841 in
313 2777 352 2841 iis
361 2775 559 2855 auctoribus,
571 2776 628 2864 qui
636 2777 705 2865 jam
717 2775 828 2841 critica
837 2793 906 2838 arte
917 2774 1000 2838 etad
1012 2777 1188 2840 meliorum

81 2924 84 2933 ·
142 2884 303 2949 librorum
317 2881 514 2968 exemplaria
525 2881 691 2943 emendati
705 2898 798 2957 sunt,
817 2901 917 2967 quam
931 2880 1106 2945 utilitatem
1120 2900 1187 2947 stu-

144 2989 191 3054 dii
211 3004 381 3077 expectare
400 3001 510 3076 potest
530 2987 570 3063 is,
592 2987 649 3076 qui
668 2987 788 3049 iterum
802 2985 970 3073 vulgarem
988 2987 1134 3077 aliquem
1155 3005 1189 3053 et

143 3093 348 3158 diobolarem
362 3091 511 3158 codicem
529 3108 586 3155 aut
604 3089 784 3155 editionem
805 3114 824 3154 a
844 3093 1059 3162 somnolentis
1078 3096 1189 3182 operis

144 3200 354 3290 depravatam
368 3197 485 3262 sedulo
500 3198 654 3277 excutiat,
674 3195 855 3286 sphalmata
869 3215 902 3261 et
916 3220 1043 3263 errores
1058 3216 1187 3278 enotet,

144 3324 178 3372 et
192 3308 237 3371 sic
251 3328 371 3370 novam
385 3326 419 3368 se
434 3303 614 3368 editionem
630 3301 805 3367 adornasse
821 3304 938 3390 putet?
958 3305 1076 3368 Nonne
1090 3320 1189 3392 turpe

145 3430 203 3492 est,
216 3412 351 3476 brevem
365 3408 463 3498 hujus
478 3408 552 3472 vitae
566 3409 710 3472 fructum
720 3408 754 3470 in
768 3407 838 3471 haec
852 3406 1064 3496 impendere?
1077 3410 1112 3472 in
1122 3426 1189 3473 tam

144 3520 208 3584 late
230 3532 455 3582 succrescente
474 3537 585 3578 rerum
611 3511 842 3578 discendarum
862 3532 972 3602 segete
994 3537 1129 3603 operam
1154 3515 1188 3578 in

145 3625 241 3712 nugis
262 3623 313 3686 his
335 3622 550 3687 consumere?
572 3622 699 3683 Verum
718 3638 767 3686 est
791 3644 829 3685 ea
848 3622 1029 3685 multorum
1053 3623 1188 3709 opinio,

145 3730 237 3795 nullo
247 3729 347 3793 animi
357 3726 484 3817 judicio
495 3727 670 3814 explorata,
681 3744 718 3792 ut
727 3734 844 3817 putent
858 3728 934 3792 satis
949 3750 1030 3807 esse,
1046 3729 1073 3792 si
1088 3727 1189 3791 modo

145 3833 293 3900 codicem
308 3833 361 3896 vel
376 3830 555 3896 editionem
564 3840 715 3896 'veterem
727 3832 961 3898 conferendam
973 3833 1138 3913 habeant3
1156 3831 1189 3898 id

145 3957 269 4018 autem,
292 3936 383 4027 quod
401 3938 508 4026 primo
529 3939 602 4004 loco
625 3939 831 4005 considerare
852 3939 1029 4019 debebant,
1055 3941 1140 4003 sitne
1164 3940 1191 4002 it

146 4047 230 4112 liber
244 4068 351 4124 uorae,
367 4061 423 4110 aut
438 4045 668 4112 emendatioris
687 4048 836 4114 lectionis
855 4049 928 4114 fons
947 4048 998 4112 rel
1017 4045 1189 4135 adjumen-
