2670 4824
238 332 302 402 nx
325 333 657 401 rnararmus
680 332 808 401 rour
831 334 881 401 11.
1038 335 1079 425 49

48 471 119 537 ttna,
132 457 256 523 'intacta
267 459 454 548 relinquere
465 459 592 546 aequius
603 479 673 521 esse
688 459 810 521 censui.
832 457 941 546 Rejeci
957 455 1028 522 haec
1044 458 1079 520 in

47 566 229 628 variantem
250 564 455 641 Lectionem,
477 564 530 627 cui
551 584 715 626 accessere
736 585 812 626 cum
835 563 910 640 alia,
932 563 965 624 in
986 562 1078 648 praef.

45 670 111 733 Vol.
134 672 148 732 l
169 684 437 746 commemorata,
455 683 525 731 tum
547 666 729 731 editionum
745 666 937 730 Aldinarum
951 684 983 731 et
1000 668 1081 730 Jun-

42 774 116 838 tinae
133 774 305 837 utilissima
323 773 537 859 comparatio,
558 773 655 836 lectio
675 770 747 836 cod.
763 773 900 851 Erfurt.,
919 772 1081 859 inprimis·

41 902 104 966 que
117 879 265 942 virorum
277 877 450 941 doctorum
461 876 759 941 animadversiones
772 894 804 940 et
816 878 1078 967 conjectationes,

40 983 172 1070 publice
187 983 405 1070 privatimque
421 981 463 1045 ad
482 1005 535 1044 me
553 983 680 1046 missae:
704 1003 742 1044 ex
761 981 826 1047 hoc
840 1005 959 1069 genere
973 984 1081 1070 primo

39 1087 113 1152 loco
139 1087 190 1151 Io
214 1083 392 1152 Schradert'
414 1085 544 1152 schedae
571 1108 648 1150 mss·
676 1087 973 1153 commemorandae
999 1089 1082 1152 mihi

39 1208 130 1268 sunt,
144 1213 220 1279 quae
232 1214 307 1256 cum
319 1193 358 1253 V.
374 1191 410 1254 C.
425 1214 496 1255 vau
506 1187 631 1259 Sanan
642 1190 789 1256 officiosa
800 1215 878 1256 cura
891 1192 932 1257 ad
945 1217 997 1257 me
1007 1218 1083 1283 per-

39 1297 221 1373 venissent,
247 1296 285 1360 iis
304 1297 347 1359 ita
366 1294 527 1359 utendum
546 1318 616 1360 esse
630 1294 789 1384 judicavi,
810 1314 860 1376 ut,
883 1321 956 1386 quac
971 1299 1083 1363 subtili

39 1403 99 1464 riri
116 1400 296 1466 doctissimi
310 1401 462 1466 acumine
477 1399 564 1463 haud
584 1400 718 1488 indigna
732 1420 853 1481 essent,
875 1427 893 1466 a
912 1427 965 1467 me
982 1429 1083 1493 appo·

38 1523 208 1571 necentur.
236 1505 496 1570 Communicavit
528 1506 589 1569 alia
616 1528 746 1570 mecum
768 1505 909 1571 Iacobus
932 1507 1083 1599 Bryant,

39 1614 215 1676 Britannus
237 1610 485 1675 eruditissimus
506 1610 594 1672 Nihil
611 1610 744 1689 horum,
763 1610 854 1699 quod
870 1610 1005 1700 quidem
1022 1616 1083 1677 uti-

39 1717 165 1782 litatem
176 1715 319 1805 aliquam
331 1713 372 1778 ad
382 1732 514 1803 poetam
524 1714 645 1778 habere
654 1717 761 1780 visum
774 1734 851 1793 erat,
865 1718 1084 1782 interversum

40 1846 59 1887 a
75 1845 130 1886 me
147 1839 204 1886 aut
221 1820 459 1887 dissimulatum
477 1836 535 1883 est.
556 1822 639 1883 Cum
655 1837 765 1884 autern
782 1823 888 1886 omnis
901 1822 971 1887 haec
983 1847 1084 1911 opera

40 1929 74 1992 in
93 1950 211 1993 eorum
228 1928 363 2014 gratiam
379 1942 529 2013 suscepta
548 1943 646 2005 esset,
668 1927 724 2015 qui
746 1928 932 2015 exemplum
948 1929 1085 2017 aliquod

42 2055 99 2098 seu
120 2034 241 2099 criticae
257 2032 392 2096 rationis
411 2054 469 2096 seu
491 2031 767 2118 interpretationis
783 2030 970 2118 diligentius
990 2035 1084 2098 factae

42 2157 117 2205 ante
132 2136 246 2207 oculos
257 2136 402 2225 positum
413 2134 535 2200 hahere
553 2137 704 2222 cupiunt,
723 2136 904 2222 interposui
920 2159 1008 2202 nunc
1024 2159 1082 2201 sae·

43 2245 129 2332 pius,
149 2265 250 2332 quam
270 2257 365 2305 autea
386 2241 508 2304 factum
530 2256 613 2318 erat,
632 2239 794 2328 judicium
815 2263 944 2320 meum,
969 2243 1084 2306 saltem

44 2349 154 2414 rerho.
175 2346 303 2411 Eodem
314 2345 452 2410 consilio
464 2346 644 2408 innumeris
657 2345 736 2408 locis
749 2367 816 2407 non
829 2345 1000 2409 emendavi
1013 2371 1082 2410 mo·

46 2452 101 2535 do,
122 2475 239 2519 verum
257 2452 331 2516 auxi
352 2473 485 2540 quoque
507 2468 539 2513 et
564 2450 760 2536 locupletavi
781 2446 1084 2538 interpretationem

45 2559 237 2648 subjectam,
262 2578 330 2621 non
352 2554 453 2620 modo
474 2573 511 2619 ut
532 2550 613 2618 nihil
637 2572 722 2619 esset
741 2555 831 2643 quod
851 2557 1027 2622 obscurum
1045 2580 1085 2624 ac

45 2662 176 2729 difficile
188 2661 293 2726 videri
306 2676 417 2749 posset
429 2661 484 2738 iis,
500 2660 557 2748 qui
569 2661 694 2746 vulgari
710 2683 801 2723 more
817 2661 917 2726 verba
928 2681 1035 2750 poetae
1049 2666 1085 2728 in

46 2783 231 2834 transcursu
248 2767 376 2854 legunt,
393 2788 509 2828 verum
527 2765 630 2828 inulto
644 2766 746 2851 magis
759 2783 795 2829 ut
811 2768 971 2854 erigerem
986 2786 1018 2833 et
1035 2791 1084 2834 as·

45 2875 244 2940 suefacerem
265 2873 391 2936 animos
413 2871 596 2935 acutiorum
617 2870 658 2934 ad
679 2870 967 2937 animadvertenda
990 2875 1084 2938 inuu-

46 2998 140 3058 mera,
154 3000 232 3067 quae
244 2975 344 3041 modo
361 2977 395 3061 in
411 2974 564 3055 dictione,
580 2975 681 3039 modo
696 2976 729 3038 in
743 2963 911 3043 sententiis
924 2995 956 3042 et
972 3004 1084 3044 rerum

48 3084 246 3174 expositione
258 3098 314 3147 aut
325 3081 480 3169 praeclara
491 3097 582 3160 sunt,
599 3097 655 3158 aut
666 3081 956 3167 reprehensionem
969 3085 1085 3150 admit-

48 3203 124 3255 tunt.
145 3187 307 3252 Volebam
326 3184 415 3251 enim
433 3185 467 3248 in
485 3185 548 3250 hac
566 3186 672 3249 omnis
686 3187 872 3252 animorum
893 3186 1084 3256 intentionis

49 3295 235 3358 remissione
262 3308 295 3355 et
323 3291 387 3357 hoc
407 3292 578 3383 severioris
601 3290 700 3355 studii
731 3291 893 3357 bonarum
916 3295 1085 3361 literarum

49 3399 210 3488 neglectu,
231 3420 297 3487 quo
312 3394 496 3462 verendum
510 3413 559 3460 est
575 3420 617 3461 ne
634 3398 718 3460 intra
734 3397 822 3462 haud
840 3399 961 3464 multos
978 3425 1083 3466 annos

49 3495 252 3568 ob'solescant
265 3522 380 3567 omnes
391 3500 445 3567 hae
463 3502 602 3567 literulae
621 3504 775 3568 Romanae
788 3527 825 3568 ac
840 3504 978 3585 Graecae,
999 3525 1084 3571 exta-

49 3624 94 3672 ret
108 3608 224 3673 saltem
239 3604 404 3695 exemplar
418 3606 567 3695 aliquod,
589 3630 655 3696 quo
678 3607 719 3671 de
737 3608 873 3672 meliore
890 3627 923 3673 et
940 3613 1085 3678 fructuo-

48 3715 129 3778 siore
142 3729 272 3778 veteres
287 3698 401 3801 poetas
416 3710 547 3799 legendi
564 3729 596 3776 et
612 3712 848 3800 interpretandi
864 3717 989 3780 ratione
1008 3740 1084 3781 con-

47 3833 143 3883 staret
167 3819 220 3898 iis,
246 3817 366 3907 quibus
388 3817 475 3882 bona
496 3818 656 3881 institutio
679 3816 768 3882 haud
791 3821 987 3906 contigisset.
1015 3824 1083 3887 Nec
1145 3850 1148 3857 “

46 3926 152 3989 minus
164 3939 352 3989 constanter
367 3923 551 3987 institutum
568 3944 679 3985 meum
695 3924 816 3987 retinui
832 3926 865 3986 in
882 3942 988 4011 poetae
1005 3925 1082 3991 doc·

44 4031 129 4095 trina
141 4027 350 4109 declaranda,
368 4027 458 4118 quod
472 4026 553 4093 illud
568 4050 643 4093 cum
654 4027 829 4117 voluptatis
849 4045 927 4105 tum¹
937 4031 1084 4100 utilitatis

115 4170 139 4205 ι.
754 4150 906 4231 ‚t
