2670 4824
130 352 1177 382 mmmmmnmmmwuwumwm

627 557 686 616 Ex

391 740 924 847 Pamrlrroua

174 956 300 1067 rem
321 990 477 1064 raam
495 989 705 1061 amsoau
726 990 884 1061 rama
906 990 1143 1064 anrrtotus

426 1207 550 1261 excusi
567 1207 667 1262 auno
684 1184 916 1263 uocomxv.'·

140 1496 301 1596 Arsomr
323 1527 476 1606 tandem,
504 1526 578 1590 Deo
601 1526 746 1607 favente,
774 1516 1012 1593 enarrationem
1033 1526 1180 1613 Virgilii,

138 1655 208 1697 rem
222 1656 292 1697 non
306 1649 373 1697 tam
390 1655 451 1721 per
468 1654 503 1696 se
521 1630 676 1712 arduam,
697 1655 796 1722 quam
813 1632 939 1698 homini
955 1633 1127 1696 molestam
1142 1654 1181 1695 ae

139 1737 326 1817 difficilem,
342 1737 400 1826 qui
416 1759 483 1800 non
502 1737 565 1801 nisi
583 1759 644 1825 per
660 1737 844 1816 intervalla,
865 1738 941 1803 satis
956 1737 1061 1800 multo
1079 1736 1181 1799 inter-

140 1841 219 1907 dum
238 1841 411 1932 interjecto
424 1857 589 1928 tempore,
609 1840 651 1906 ad
673 1864 745 1906 earn
766 1841 888 1921 redire,
910 1864 971 1907 nec
991 1841 1054 1906 nisi
1073 1861 1181 1928 operae

138 1948 318 2013 subsecivae
341 1963 467 2037 partem
490 1946 633 2035 aliquam
660 1948 691 2011 ei
719 1946 911 2034 impendere
933 1962 1072 2034 poterat.
1097 1947 1181 2009 Cum
1262 1998 1266 2005 .

138 2055 284 2142 primum
305 2054 452 2141 Spartam
472 2053 558 2118 hanc
580 2052 798 2141 susciperem,
819 2052 903 2116 nihil
923 2052 1064 2139 amplius
1080 2063 1105 2115 'a
1127 2074 1183 2114 me

138 2159 381 2248 postulabatur,
403 2182 502 2248 quam
520 2175 558 2223 ut
576 2160 737 2246 excerptis
752 2159 849 2222 variis
867 2156 1062 2223 lectionibus
1077 2173 1110 2221 et
1122 2157 1183 2220 ad·

139 2265 259 2351 sparsis
274 2286 333 2328 seu
349 2265 488 2329 aliorum
500 2285 559 2328 seu
571 2265 652 2328 meis
667 2263 745 2329 hinc
759 2263 837 2327 inde
851 2264 973 2328 notulis
987 2262 1183 2326 instruerem

107 2394 109 2402 ·
139 2369 314 2457 Virgilium
335 2370 369 2433 in
387 2392 568 2457 puerorum
585 2392 703 2450 usum;
718 2387 755 2434 ut
773 2370 924 2434 librarius
937 2368 1075 2433 haberet
1089 2367 1183 2431 libel·

138 2475 220 2552 lum,
242 2497 342 2563 quern
356 2475 506 2562 proximo
522 2493 668 2541 mercatu
682 2498 792 2539 rerum
805 2476 987 2540 forensium
1001 2472 1183 2538 distrahere

139 2594 250 2666 posset
264 2577 455 2644 venditione
473 2598 585 2667 parata
598 2603 636 2646 ac
650 2581 746 2645 facili.
765 2581 834 2646 Etsi
848 2580 934 2646 bene
949 2602 1083 2655 noram,
1103 2601 1184 2667 ope·

139 2707 207 2748 ram
223 2707 297 2748 eam
311 2707 382 2749 esse
397 2684 582 2772 expeditam
597 2703 630 2750 et
641 2710 758 2775 parum
774 2686 957 2766 difficilem,
973 2702 1011 2750 ut
1024 2702 1135 2749 notam
1150 2700 1185 2748 et

141 2790 403 2855 observationem
415 2791 539 2870 allinus,
555 2815 634 2870 non,
650 2791 708 2856 ubi
722 2793 759 2871 is,
775 2794 832 2881 qui
845 2793 933 2880 legit,
949 2809 1062 2856 notam
1075 2792 1187 2879 requi·

141 2910 200 2973 rat,
225 2891 285 2957 sed
305 2892 378 2973 ubi,
400 2893 491 2984 quod
511 2912 621 2974 notes,
644 2898 714 2984 ipse
735 2899 771 2961 in
792 2915 925 2986 promtu
944 2897 1065 2963 habeas
1088 2899 1185 2981 (eum

142 3016 251 3064 autem
260 3021 388 3064 morem
398 2999 643 3067 commentandi
652 3003 694 3067 ad
704 3019 831 3070 veteres
843 3022 993 3070 auctores
1003 3004 1185 3069 multorum

141 3127 210 3169 esse
230 3105 377 3168 virorum
399 3105 573 3170 doctorum
592 3108 771 3197 intelligo);
791 3133 909 3197 parurn
929 3125 1039 3173 tamen
1060 3108 1184 3196 placuit

143 3233 176 3274 ea
190 3209 340 3275 conditio
355 3226 387 3273 et
401 3228 485 3292 tum,
501 3224 577 3276 curn
592 3236 630 3277 ea
644 3214 801 3293 ferretur,
815 3231 849 3279 et
861 3215 966 3279 multo
979 3215 1082 3300 magis
1093 3230 1183 3301 post,

142 3336 214 3377 cum
234 3338 370 3378 manum
389 3317 482 3403 operi
501 3315 730 3397 admoverem3
749 3341 820 3382 rem
835 3320 924 3384 enim
943 3319 1112 3406 indignam
1129 3341 1184 3384 me

142 3419 247 3484 facere
263 3418 415 3482 videbam
429 3421 501 3483 viro
518 3421 623 3502 bone,
645 3424 704 3511 qui
723 3424 809 3486 ineo
828 3445 937 3510 operae
955 3445 1094 3511 genere,
1117 3446 1184 3511 quo

142 3524 307 3610 publicam
318 3525 492 3589 utilitatem
506 3529 709 3614 propositam
726 3526 847 3592 habere
860 3545 892 3593 et
911 3527 1093 3591 doctrinam
1108 3527 1186 3591 ado-

142 3627 323 3693 lescentum
337 3628 424 3693 alere
437 3646 468 3693 et
482 3652 630 3717 possem,
645 3649 678 3696 et
689 3631 863 3711 deberem,
879 3655 947 3696 non
962 3630 996 3694 id
1012 3653 1183 3719 sequerer,

143 3731 231 3820 quod
245 3732 384 3797 consilio
398 3733 476 3798 huic
496 3753 754 3801 consentaneum
776 3738 930 3826 factuque
952 3735 1114 3822 optimum
1129 3734 1185 3824 ju-

145 3836 295 3903 dicarem.
316 3839 417 3903 Erant
434 3858 509 3905 ante
528 3842 641 3906 oculos
656 3858 705 3906 tot
724 3843 871 3930 exempla
885 3859 1034 3905 veterum
1049 3840 1185 3927 scripto-

145 3963 227 4022 rum,
248 3944 289 4023 in,
300 3944 437 4032 quibua,
459 3970 535 4012 cum
554 3970 613 4012 seu
629 3964 721 4012 notas
735 3949 875 4012 aliorum
887 3946 1041 4032 colligere
1059 3944 1114 4008 vel
1132 3969 1186 4008 ex-

147 4069 290 4138 cerpere,
306 4072 362 4115 seu
378 4053 507 4119 notulas
521 4076 594 4120 suas
611 4051 807 4143 adspergere
825 4052 1031 4142 propositum
1051 4047 1183 4115 habuis-
