2670 4824
256 387 1314 417 mmmmfflmfflfflmstfflfflm

749 587 878 647 EX.

516 771 1041 882 PRAEFATIONE

280 1025 403 1094 TOMI
421 1021 619 1094 SECUNDI
637 1020 848 1124 EJUSDEM
864 1020 1099 1093 EDlTlONlS
1116 1022 1282 1093 PRlMlE¹

555 1240 679 1294 Excusr
696 1239 795 1293 ANNO
812 1239 996 1292 MDCCLXXI.

257 1527 390 1627 lurra
417 1555 588 1646 Virgilieni
616 1557 768 1621 carminis
796 1554 890 1622 dotes
913 1557 1093 1645 praecipuas
1116 1554 1293 1624 doctrinam

250 1681 357 1750 poetae
379 1681 412 1729 et
434 1665 587 1727 sermonis
602 1665 723 1746 poetici
736 1665 965 1746 praestantiam
978 1685 1031 1727 me
1045 1661 1185 1743 habere,
1206 1688 1245 1728 ex
1258 1664 1292 1727 iis

215 1829 220 1843 ,
255 1791 329 1858 quae
342 1769 493 1857 passima
507 1791 561 1832 me
577 1766 663 1832 dicta
678 1783 768 1846 sunt,
784 1752 985 1855 intelligitur.
998 1767 1044 1832 Ut
1055 1790 1110 1833 eas
1120 1768 1233 1858 paullo
1246 1791 1293 1834 ac·

252 1875 397 1940 curatius
421 1873 639 1952 declararem,
662 1869 935 1963 quandoquidem
954 1873 1110 1962 Virgilius
1132 1875 1160 1938 is
1182 1891 1293 1940 auctor

226 2056 227 2059 Ἴ
255 1995 317 2058 est,
333 1979 367 2041 in
383 2000 449 2067 quo
459 1977 615 2068 juvenilis
631 1993 707 2040 aetas
721 1976 938 2066 exquisitioris
953 1975 1110 2043 doctrinae
1124 1978 1218 2042 initia
1236 1981 1292 2043 im·

253 2083 367 2149 bibere
382 2083 478 2163 solet,
500 2099 620 2171 practer
639 2099 748 2147 cetera
768 2082 847 2146 boni
868 2083 1056 2172 interpretis
1075 2083 1198 2165 officia,
1220 2108 1292 2173 pro·

253 2191 399 2278 positum
412 2189 494 2252 mibi
509 2189 542 2251 in
557 2187 806 2276 Commentariis
821 2189 902 2251 meis
918 2187 1036 2268 fuisse,
1051 2187 1120 2278 jam
1135 2189 1170 2253 in
1183 2190 1294 2277 praela·

254 2296 344 2358 tione
359 2292 400 2358 ad
419 2295 564 2380 priorem
580 2294 724 2356 Tomum
747 2293 914 2380 professus
931 2313 1014 2356 sum.
1038 2293 1146 2375 Quam
1162 2316 1292 2381 operam
1325 2288 1329 2294 ’

253 2401 293 2464 iis
308 2399 445 2463 maxime
460 2414 613 2486 praestare
627 2397 732 2476 volui,
753 2399 810 2486 qui
829 2420 896 2461 non
911 2397 945 2460 in
960 2420 1000 2461 eo
1019 2398 1292 2487 acquiescendum

254 2504 317 2570 sibi
332 2527 402 2568 esse
416 2518 542 2590 putant,
554 2519 591 2565 ut
602 2502 754 2566 universe
769 2501 830 2566 sibi
846 2499 972 2567 dictum
983 2503 1126 2582 audiant,
1141 2526 1294 2593 magnum

245 2633 292 2674 ,ac
307 2609 443 2673 doctum
457 2631 527 2672 esse
545 2625 695 2694 poetam,
719 2609 753 2672 in
772 2631 839 2698 quo
853 2625 963 2674 tamen
981 2609 1104 2696 ingenii
1124 2609 1180 2674 illa
1194 2612 1243 2676 vis
1260 2632 1295 2675 ac

191 2761 194 2767 .
255 2713 413 2779 doctrinae
428 2714 522 2801 copia
541 2713 763 2801 orationisque
783 2713 996 2800 pulchritudo
1018 2715 1125 2803 posita
1147 2716 1206 2796 sit,
1230 2738 1294 2781 non

255 2835 479 2907 assequantur.
495 2806 621 2884 decidit
634 2818 715 2882 mihi
726 2820 787 2906 ipsi
797 2820 924 2908 saepius,
939 2818 1029 2908 quod
1040 2837 1072 2884 et
1083 2819 1155 2884 aliis
1165 2824 1294 2887 evenire

255 2925 348 3000 solet,
363 2940 399 2987 ut
412 2922 502 2988 bunc
513 2925 566 2988 rel
578 2925 670 2987 illum
684 2924 794 2988 locum
808 2926 876 2988 sire
886 2924 1036 2989 audirem
1046 2926 1114 2991 sive
1126 2927 1199 3014 ipse
1212 2928 1294 2993 bene

254 3030 411 3092 sentirem
422 3049 492 3091 esse
506 3027 690 3108 sublimem,
706 3028 925 3118 magnificum,
942 3028 1106 3110 divinnm3
1117 3030 1295 3098 dictionem

254 3135 457 3222 praeclaram,
473 3135 652 3222 poeticam,
668 3152 704 3199 ut
717 3153 828 3199 tamen
842 3158 903 3201 nec
918 3134 1151 3224 intelligerem,
1167 3160 1249 3218 nec,
1270 3139 1295 3204 si

254 3239 481 3326 intelligerem,
496 3239 660 3304 declarare
675 3262 815 3328 possem,
830 3264 896 3332 quo
910 3239 1044 3306 tandem
1058 3244 1092 3305 in
1105 3263 1141 3305 ro
1153 3242 1294 3331 pulchri·

111 3326 113 3333 ’
162 3400 165 3406 .
254 3343 337 3408 tudo
352 3345 419 3423 illa,
436 3345 575 3431 dignitas
591 3363 623 3408 et
637 3346 786 3435 majestas
800 3346 971 3434 Virgiliani
985 3346 1137 3411 carminis
1151 3365 1294 3436 spectau-

255 3447 298 3512 da
308 3466 402 3513 esset.
420 3449 587 3513 Habebam
604 3472 736 3514 sensum
750 3452 894 3539 aliquem
907 3450 1070 3539 praeclarae
1080 3450 1219 3542 alicujus
1228 3451 1293 3542 pul·

254 3552 461 3641 ¹ebritudinis,
476 3553 535 3618 sed
547 3555 733 3635 obscurum,
746 3554 975 3647 judiciumque
987 3558 1106 3621 mentis
1120 3558 1292 3624 confusum

246 3666 288 3723 et
303 3657 486 3738 turbidum,
507 3661 597 3748 quod
613 3684 673 3725 nec
690 3661 771 3724 mihi
786 3663 940 3750 expedire
955 3685 1100 3750 possem,
1116 3664 1224 3729 multo
1238 3664 1290 3728 mi·
1330 3707 1332 3710 >

254 3786 317 3827 nus
328 3763 407 3842 aliis,
418 3765 479 3828 nisi
489 3783 526 3827 ut
536 3766 759 3847 exclamarem,
770 3768 946 3855 pulchrum
960 3769 1070 3832 locum
1084 3773 1169 3833 esse!
1182 3773 1290 3858 Neque

254 3870 348 3931 aliter
362 3892 431 3932 rem
447 3891 481 3932 se
495 3869 616 3935 habere
631 3872 698 3936 vidi
708 3875 751 3936 lin
769 3875 1021 3938 vernaculorum
1040 3892 1213 3963 poetarum
1234 3877 1290 3939 lec·

254 3973 361 4053 tione,
378 3975 521 4038 intellexi
536 3977 624 4038 enim
639 3977 773 4043 difficile
785 3981 896 4043 multis
912 4003 998 4060 esse,
1015 3979 1135 4043 diserte
1150 3981 1228 4071 satis
1242 4001 1286 4042 ex·

253 4101 393 4167 ponere,
411 4101 483 4170 quoe
498 4079 632 4151 taudem
652 4084 686 4151 in
699 4085 737 4150 iis
752 4107 825 4175 quae
844 4085 981 4174 pulchre
995 4102 1027 4150 et
1045 4084 1201 4173 praeclare
1219 4104 1288 4150 con·
