2670 4824
188 347 236 447 xij
607 349 827 403 curreris

123 496 125 500 ¹
190 513 308 577 tatem
326 487 466 565 habet:
492 510 572 557 non
595 482 700 583 quod
721 483 897 558 erravisse
920 511 1116 586 nunquam
1137 514 1243 562 sum-

189 648 300 700 mum
323 612 540 701 hominem,
567 608 630 683 sed
655 608 855 681 hominem
876 624 1024 703 tamen,
1049 614 1244 712 putaveri-

189 775 274 825 mus
281 777 291 837 ;
315 763 445 816 nonne
468 749 505 808 et
526 731 629 807 Galli
651 760 721 807 nos
744 733 970 833 quibusdam
991 736 1033 808 iu
1054 735 1146 813 locis
1170 738 1245 836 gal·

190 877 262 950 lice
287 864 431 966 scriptis
452 862 637 935 haeremus
660 859 853 932 interdum
876 859 1079 960 ancipites?
1101 866 1245 935 Verum

191 992 293 1074 aetati
308 984 476 1062 Maronis
493 982 670 1084 propior,
694 982 897 1081 siquando
920 986 962 1056 in
987 985 1245 1086 interpretan-

191 1120 250 1193 dis
266 1107 457 1193 sententiis
479 1107 626 1198 devius,
646 1107 893 1207 manuscripti
911 1134 1059 1208 semper
1074 1109 1247 1208 gravissi-

190 1269 295 1319 mam
319 1237 437 1310 fidem
459 1232 622 1324 obtinet,
644 1247 774 1333 utpote
799 1232 991 1326 omnibus,
1005 1234 1081 1332 'qui
1103 1233 1153 1308 ad
1174 1262 1247 1310 nos

190 1364 447 1472 pervenerint,
464 1358 654 1434 codicibus
672 1360 880 1458 antiquior;

241 1502 279 1569 2⁰
293 1496 476 1588 Excerpta
496 1513 541 1559 ex
563 1486 717 1586 optimis
740 1490 1038 1582 commentariis,
1062 1518 1156 1591 quos
1177 1497 1247 1568 Jo-

192 1642 293 1697 HANN
308 1621 494 1690 Hammon
511 1615 627 1705 VOSS,
644 1639 729 1686 vere
745 1629 875 1713 poeta,
893 1617 1115 1714 germanicae
1137 1644 1248 1718 geor-

192 1747 362 1846 gicorum
376 1737 540 1813 versioni
556 1735 764 1835 subjunxit,
779 1752 816 1811 et
836 1765 917 1838 quae
934 1740 976 1813 in
991 1738 1155 1814 latinum
1169 1768 1250 1816 ser-

192 1891 349 1942 monem
364 1885 544 1934 converso
559 1865 730 1961 primum
744 1861 849 1961 apud
864 1889 933 1937 nos
950 1866 1175 1956 emittimus;

243 1993 286 2064 3⁰
306 1986 557 2062 Selectissimae
581 2013 625 2058 ex
647 1986 833 2062 veteribus
857 2003 979 2081 notae,
1007 1992 1145 2066 scilicet
1168 1997 1249 2066 Do-

192 2128 305 2207 nato,
322 2141 403 2205 seu,
417 2125 460 2185 ut
476 2109 630 2199 volunt,
642 2111 981 2206 Pseudo-Donato,
998 2115 1256 2218 Philargyrio,

192 2241 333 2334 Pieri03
359 2254 472 2338 atque
489 2238 589 2310 inter
602 2238 844 2328 recentiores,
869 2239 1012 2313 addent
1030 2268 1104 2316 sese
1126 2243 1249 2316 socios

191 2367 397 2460 Heinsii,
372 2362 512 2457 Cerda,
525 2363 755 2457 Burmanni
769 2376 806 2434 et
817 2367 966 2454 Ruaeus,
979 2366 1113 2463 quibus
1129 2368 1248 2440 etiam

193 2520 279 2581 nos,
301 2490 331 2563 si
349 2500 453 2589 post,-
439 2467 566 2580 'manta
572 2467 756 2580 nomilia
760 2465 892 2576 ‚vedire
915 2486 1025 2561 nobis
1045 2490 1099 2563 fas
1117 2490 1250 2583 fuerit,

192 2611 398 2689 nonnullas
414 2638 434 2685 e
451 2609 813 2741 trigintaapnurum
825 2609 1148 2688 lucubrationibus
1163 2642 1251 2715 par·

192 2755 246 2815 tes
275 2724 585 2846 subjungemus,·
591 2713 683 2840 siye
673 2718 841 2837 aliquid
866 2736 1044 2812 nondum
1072 2738 1252 2812 animad-

192 2891 288 2940 versi
276 2841 513 2965 vigilando
509 2874 554 2936 ot
550 2813 783 2955 strilldbdo
773 2861 1151 2962 deprehenderimus,
1172 2865 1251 2938 sive

191 2991 233 3063 in
244 2989 371 3089 aliquo
385 2986 590 3060 difficiliori
600 2986 700 3078 loco,
712 2986 823 3060 ceteri
833 3001 869 3059 et
878 2988 1087 3088 praesertim
1096 2991 1249 3062 Gunrsr.

193 3116 337 3188 GOTTL.
353 3117 502 3204 HEYNE,
520 3139 633 3211 quem
649 3112 790 3200 cunctis
804 3112 1052 3214 praepositum
1065 3113 1250 3204 fatemur,

192 3234 318 3313 minus
333 3255 433 3312 certa
447 3238 646 3337 protulisse
663 3237 882 3331 videantur3

242 3361 282 3453 4⁰
300 3364 443 3436 Omnia
466 3390 548 3463 quae
569 3354 797 3463 scripserunt
824 3363 870 3436 de
887 3362 1036 3462 Virgilii
1060 3364 1136 3437 vita
1161 3361 1246 3435 Tib.

192 3484 327 3561 Claud.
349 3490 539 3579 Donatus,
566 3502 694 3561 noster
710 3493 864 3581 Ruaeus,
890 3503 1035 3589 etpost
1060 3488 1145 3563 illos
1167 3488 1251 3587 ipse

130 3656 137 3665 ·
193 3615 283 3690 Chr.
299 3613 419 3687 Gottl.
433 3617 563 3715 Heyne
577 3646 586 3707 3
599 3615 653 3688 ita
666 3631 709 3687 ut
722 3612 881 3690 historia
896 3614 1044 3714 Virgilii
1058 3642 1126 3716 per
1142 3617 1255 3688 Con-

192 3739 289 3817 sules
304 3769 327 3814 a
338 3732 454 3815 Ruaeo
468 3742 608 3841 digesta
623 3741 858 3843 probaverit,
876 3743 1098 3816 fortissimos
1113 3741 1252 3815 heroas

191 3881 365 3967 vatesque
382 3868 604 3969 praeclaros,
621 3874 652 3941 si
669 3868 806 3968 longo,
825 3867 920 3939 dum
934 3867 1112 3957 vixerint,
1130 3867 1251 3938 inter-

191 3989 294 4067 vallo
316 3993 415 4067 inter
433 4023 471 4070 se
494 3996 672 4070 distantes
694 3995 961 4069 collocaverint
983 3993 1117 4082 coaevi,
1147 4017 1251 4062 nunc

193 4133 279 4216 post
299 4133 464 4196 mortem
483 4122 522 4196 in
546 4119 684 4199 eodem
705 4122 817 4202 famae
840 4147 953 4199 curru
968 4117 1167 4222 impositos
1182 4141 1252 4220 per
