2670 4824
237 340 278 406 2t
542 339 607 403 nx
631 299 981 405 rnnrlrrons

236 483 304 524 non
315 475 425 524 tamen
440 443 587 524 oblivisci
599 458 764 524 debebant
774 461 835 524 viri
850 459 939 526 docti
951 457 999 540 id,
1013 458 1104 550 quod
1114 461 1184 552 jam
1197 461 1281 528 olitn

236 565 357 655 diserte
371 567 500 645 monui,
515 588 568 630 me
585 563 752 653 fecisseid
770 564 886 631 sedulo
898 568 933 630 in
950 567 989 632 iis
1002 566 1097 646 locis,
1111 567 1171 632 ubi
1182 591 1284 657 supe·

234 669 338 733 riores
358 671 552 759 interpretes
574 687 632 745 aut
655 669 786 735 haesisse
809 687 866 735 eut
885 671 994 758 lapsos
1013 693 1084 736 esse
1104 671 1280 754 videbam

171 768 174 773 ’
235 789 307 837 tum
329 775 470 839 formula
487 773 646 864 loquendi
659 797 721 863 per
737 796 772 838 se
792 774 877 839 forte
898 776 975 839 erat'
988 776 1064 840 satis
1083 792 1179 856 nota,
1202 801 1280 842 cum

234 881 457 944 cumulassent
470 881 524 945 alii
538 880 695 968 exempla,
712 878 770 944 sed
784 903 897 946 caussa
911 897 944 945 et
958 881 1050 959 ratio,
1066 898 1104 946 ut
1117 882 1152 945 in
1166 883 1282 971 pleris-

236 1007 302 1074 que
317 984 388 1050 fieri
402 987 498 1066 solet,
514 988 622 1052 minus
638 1001 707 1050 erat
724 1008 784 1051 seu
803 986 990 1065 observata,
1011 1008 1070 1052 seu
1088 1005 1279 1075 perspecta:

235 1088 322 1156 hanc
336 1089 437 1178 digito
451 1110 635 1159 monstrare
649 1090 756 1170 volui3
778 1089 912 1154 tandem
929 1107 961 1155 et
979 1091 1082 1154 multa
1096 1091 1131 1155 in
1145 1088 1211 1156 hoc
1225 1115 1279 1180 ge·

236 1217 317 1261 nere
328 1218 399 1260 esse
412 1198 520 1266 solent
534 1198 610 1262 satis
628 1196 742 1274 obvia,
762 1197 789 1260 si
810 1196 911 1260 semel
925 1195 966 1260 ab
980 1197 1091 1284 aliquo
1108 1194 1280 1272 observata

237 1314 270 1362 et
284 1301 441 1388 explicata
459 1303 602 1382 fuerint,
624 1324 691 1367 non
710 1322 784 1364 raro
805 1285 914 1365 tamen
936 1301 1058 1380 evenit,
1081 1317 1119 1365 ut
1136 1300 1192 1365 illa
1210 1303 1279 1390 ipsa

236 1405 390 1471 facillima
409 1408 506 1487 ratio,
528 1424 704 1498 antequam
724 1423 903 1473 monstrata
922 1424 1023 1486 esset,
1041 1407 1279 1497 plerorumque

237 1512 351 1576 oculos
366 1513 505 1601 fugeret.

280 1618 309 1679 A
327 1619 533 1685 cumulandis
554 1621 709 1710 exemplis
729 1619 844 1686 sedulo
864 1619 1023 1699 abstinui,
1046 1641 1121 1684 cum
1142 1619 1277 1684 omnino

238 1743 344 1786 essem
365 1727 542 1812 proclivior
564 1727 606 1790 ad
632 1725 852 1793 observandas
873 1748 1001 1791 caussas
1025 1724 1208 1789 formarum
1232 1727 1277 1790 lo·

238 1826 363 1916 quendi
382 1846 416 1894 et
435 1832 689 1921 elegantiarum
708 1848 847 1922 possunt
868 1832 956 1896 enirn
976 1830 1123 1918 exempla
1141 1831 1277 1919 alicujus

237 1933 352 1996 formae
372 1938 494 2024 apponi
514 1939 649 2017 vicena,
674 1955 707 2002 et
726 1954 835 2002 tamen
855 1937 993 2002 obscura
1012 1958 1146 1999 manere
1165 1934 1277 1999 lormae

239 2039 287 2103 vis
307 2062 345 2104 ac
368 2042 473 2105 ratio:
496 2041 531 2106 id
551 2042 642 2132 quod
663 2042 749 2131 saepe
770 2043 805 2106 in
825 2042 972 2106 virorum
994 2040 1276 2119 doctissimorum,

239 2145 337 2208 etiam
351 2148 420 2213 Nic.
437 2149 564 2213 Heinsii
577 2166 609 2213 et
624 2149 817 2227 Burmanni,
838 2146 1115 2236 disputationibus
1129 2147 1277 2234 longissi-

238 2253 299 2315 mis
314 2253 436 2318 factum
448 2254 704 2334 animadvertas,
725 2252 818 2332 dum,
840 2252 920 2342 quid
936 2275 974 2316 ex
988 2252 1039 2316 his
1054 2252 1164 2340 colligi
1176 2253 1279 2340 possit

237 2377 275 2420 ac
290 2355 421 2437 debeat,
441 2375 497 2423 aut
518 2361 579 2446 ipsi
598 2382 714 2447 parum
734 2381 946 2446 perspexere,
965 2374 1038 2436 aut,
1060 2359 1086 2421 si
1104 2358 1280 2444 perspicie-

236 2460 336 2541 bant,
360 2487 496 2527 monere
522 2466 704 2551 neglexere.
731 2467 770 2534 In
793 2465 953 2552 elegantia
975 2479 1139 2528 autemst
1162 2480 1279 2527 ornatu

238 2569 408 2648 orationis,
424 2569 641 2660 inprimisque
658 2572 804 2659 poetico,
822 2571 963 2635 multum
978 2570 1095 2647 refert,
1111 2592 1153 2633 an
1163 2582 1278 2633 teneas

238 2694 385 2737 caussam
398 2697 436 2739 ac
449 2675 587 2740 modum
601 2675 746 2764 figuratae
761 2675 928 2753 dictionis,
942 2676 1079 2739 inversae
1092 2689 1277 2753 structurae,

237 2795 369 2844 mutatae
383 2781 524 2868 vulgaris
537 2781 784 2848 consuetudinis
798 2784 832 2845 in
847 2780 1092 2869 exquisitiorem
1105 2802 1143 2844 ac
1156 2778 1280 2846 doctio-

138 2889 142 2896 '
237 2907 322 2964 rem,
339 2909 411 2975 quae
423 2905 555 2976 poetam
570 2888 701 2970 deceat;
716 2909 777 2953 nec
790 2887 852 2952 nisi
864 2886 935 2950 haec
947 2884 1151 2973 perspexerit
1161 2882 1285 2974 aliquis

237 3009 454 3081 accurateque
464 2994 616 3071 tenuerit,
633 2995 666 3057 in
678 2994 820 3082 patrium
834 3012 1021 3055 sermonem
1034 3003 1091 3055 aut
1102 2989 1279 3052 transferre

238 3097 315 3174 ista,
331 3115 388 3160 aut
401 3098 520 3161 imitari
538 3115 570 3161 et
591 3099 735 3162 aemulari
749 3113 838 3161 recte
852 3111 971 3182 potest.
982 3095 1070 3157 Tum
1084 3091 1279 3156 brevitatem

237 3203 439 3288 propositam
451 3200 566 3282 habui,
583 3218 743 3291 quantum
756 3202 858 3266 licuit.
878 3199 941 3264 Nil
953 3199 1061 3262 moliri
1072 3199 1199 3282 inepte,
1213 3220 1279 3261 non

237 3306 346 3370 minus
361 3305 460 3371 debet
473 3306 610 3372 infixum
625 3319 695 3372 esse
710 3307 896 3394 interpretis
910 3306 1034 3383 animo,
1049 3325 1148 3392 quam
1162 3318 1278 3390 poetae.

238 3412 392 3498 Inprimis
406 3430 516 3477 autem
530 3412 612 3477 illud
623 3436 761 3478 aureum
775 3413 871 3475 Plinii
886 3409 1011 3475 dictum
1024 3409 1184 3473 memoria
1199 3409 1281 3473 exci-

161 3512 164 3517 ’
239 3517 317 3581 dere
339 3541 406 3580 non
425 3541 538 3606 passus
559 3542 646 3598 sum,
667 3516 759 3609 quod
777 3519 811 3580 in
832 3517 959 3581 bonum
978 3517 1191 3603 interpretem
1212 3537 1279 3578 nou

237 3625 361 3700 minus,
385 3647 483 3711 quarn
506 3627 540 3688 in
564 3628 670 3689 virum
695 3623 921 3688 verecundum
944 3621 1049 3687 cadit:
1074 3636 1110 3684 ut
1130 3617 1216 3682 nihil
1235 3617 1283 3684 ad

237 3732 501 3805 ostentationem,
516 3735 626 3795 omnia
640 3729 687 3797 nd
696 3730 924 3794 conscientiam
939 3728 1091 3813 afiartam
1098 3753 1110 3804 ,·
1128 3724 1194 3790 hoc
1214 3741 1280 3804 est,

238 3852 275 3899 ut
289 3859 352 3898 non
365 3836 448 3900 milti
459 3854 552 3900 notas
566 3838 794 3925 appingerem,
809 3835 868 3900 sed
880 3838 1006 3924 legenti.
1025 3835 1093 3897 Etsi
1109 3829 1281 3895 fatendum

241 3958 302 4018 est,
318 3942 370 4003 vix
384 3943 489 4004 ullum
503 3941 592 4006 aliud
607 3942 752 4006 studium
767 3959 833 4006 tam
847 3965 964 4029 parum
978 3939 1020 4003 ad
1032 3956 1159 4004 certum
1174 3939 1281 4001 consi-

232 4043 319 4111 lium
336 4070 377 4137 ac
394 4047 495 4112 finem
513 4049 721 4136 attemperari
739 4071 758 4112 a
776 4047 961 4138 plerisque²
980 4063 1012 4110 et
1031 4065 1165 4133 operam
1180 4040 1281 4106 eden-
