2670 4824
331 326 397 393 EX
420 327 758 395 PRAEFATIONE
781 325 916 396 ΤΟΜΙ
940 328 989 396 ll.
1139 346 1180 397 ἀι

144 451 255 538 scripta
261 449 471 529 mirarentur,
481 450 736 539 pulchritudinis
753 474 875 516 caussae
890 469 1017 531 essent;
1029 473 1184 516 rerumne

141 557 299 635 inventio,
314 579 357 621 an
372 557 533 636 tractatio,
546 579 588 620 an
601 558 798 637 enuntiatio,
813 556 921 621 laudis
933 579 1096 622 summam
1108 579 1185 622 con·

140 663 270 740 rineret,
292 678 340 742 et,
361 660 493 751 quando
513 663 618 725 oratio
636 679 703 726 tam
719 662 891 727 laudabilis
906 679 1007 742 esset,
1030 685 1095 751 qua
1113 679 1184 740 tan·

140 764 214 829 dem
228 790 264 831 re
278 767 435 854 praeclara
452 767 508 830 illa
524 767 680 831 orationis
696 767 800 832 virtus
815 766 993 855 spectanda
1009 766 1061 831 vel
1076 766 1183 832 decla·

136 868 238 935 randa
251 869 430 936 videretur.
450 874 561 936 Potest
578 873 667 936 enim
680 872 799 960 aliquis
813 873 991 936 verborum
1006 893 1122 937 sensus
1136 889 1185 936 te·

136 999 215 1039 nere
229 975 395 1064 perbene,
417 990 527 1062 potest
545 994 719 1063 poctarum
737 976 879 1041 lectione
895 998 965 1041 esse
980 977 1183 1054 tritissimum

135 1080 169 1144 in
183 1080 277 1144 libris
290 1101 434 1168 quoque,
444 1080 501 1167 qui
516 1077 558 1143 de
571 1101 670 1144 sensu
684 1078 939 1168 pulchritudinis
951 1096 1062 1167 agunt,
1078 1101 1186 1144 versa·

135 1187 297 1264 tissimus;
312 1184 363 1249 fac
373 1185 484 1250 critica
495 1208 629 1274 quoque
639 1207 739 1274 opera
754 1206 825 1250 esse
836 1185 1063 1264 exercitatum,
1074 1202 1185 1250 tamen

136 1291 163 1355 is
176 1313 247 1354 non
259 1312 376 1379 parum
390 1290 476 1355 forte
490 1289 630 1369 haereat,
651 1289 733 1354 siah
749 1311 790 1354 eo
808 1288 1007 1378 postuletur,
1023 1305 1185 1353 utrarum
1246 1352 1253 1364 ,

136 1419 155 1459 a
177 1412 277 1482 poeta
298 1395 520 1482 expositarum
538 1395 640 1460 claras
658 1397 811 1459 notiones
827 1395 1105 1484 expositionisque
1119 1397 1186 1458 vir-

136 1516 239 1580 tutae,
252 1501 455 1564 tractationis
470 1499 662 1579 artificium,
679 1500 835 1564 orationis
850 1516 1015 1579 ornatum,
1028 1500 1099 1564 aliis
1113 1523 1187 1587 per-

136 1606 250 1693 spicue
266 1620 300 1667 et
312 1604 412 1692 plane
425 1603 578 1669 declaret.
602 1606 675 1670 Hoc
693 1603 775 1668 illud
795 1621 859 1684 est,
883 1604 973 1694 quod
987 1606 1185 1693 plerumque

135 1712 170 1775 in
184 1709 323 1774 summis
345 1709 465 1774 criticis
483 1707 739 1790 animadvertas,
759 1709 849 1774 utin
868 1708 1054 1796 detegendo
1074 1711 1184 1774 ulcere

135 1816 170 1878 in
183 1812 295 1879 verbis
309 1815 431 1878 latente
446 1831 479 1878 et
493 1815 528 1878 in
542 1814 672 1880 medela
686 1812 884 1879 invenienda
898 1816 1014 1879 miram
1029 1815 1184 1902 sagacita-

135 1935 203 1983 tem
214 1916 406 1999 adhibeant,
417 1921 602 2007 argumenti
612 1936 722 1985 tamen
731 1921 958 1986 tractationem
967 1921 1184 2008 locorumque

136 2023 365 2090 difficiliorum
385 2025 564 2089 sententias
592 2049 710 2113 parum
733 2027 795 2114 ipsi
822 2042 1057 2115 assequantur,
1081 2024 1186 2114 quid?

135 2129 228 2220 quod
249 2129 340 2194 haud
362 2152 436 2194 raro
453 2153 496 2195 ne
514 2153 648 2210 suarum
669 2130 804 2221 quidem
825 2131 1110 2208 emendationum,
1129 2148 1186 2195 aut

134 2236 443 2324 interpretationem
467 2236 676 2303 commodam
696 2237 832 2317 afferre,
857 2254 913 2301 aut
933 2238 1094 2300 rationem
1115 2236 1185 2299 ido-

135 2363 232 2405 neam
244 2339 387 2405 reddere
400 2357 552 2430 possunt.

177 2444 420 2511 Difficultatem
438 2445 524 2512 hanc
544 2447 631 2512 sensi
653 2445 816 2538 objectam
837 2447 977 2511 maxime
995 2462 1081 2525 tum,
1107 2471 1185 2511 curn

133 2552 299 2637 poeticam
316 2554 494 2617 orationem
513 2551 562 2617 ad
579 2553 718 2618 solutam
730 2576 880 2619 revocare
893 2552 1022 2616 vellem.
1042 2555 1121 2615 Mox
1138 2569 1185 2616 ta-

134 2679 212 2721 men
228 2659 264 2720 in
278 2654 338 2722 hoc
352 2659 420 2743 ipro
432 2681 540 2724 rerum
553 2655 723 2723 cardinem
736 2662 866 2723 versari
876 2657 958 2736 vidi,
974 2659 1001 2721 si
1016 2659 1089 2748 quis
1105 2681 1184 2746 poe-

134 2765 190 2829 tici
205 2763 368 2828 sermonis
382 2763 449 2826 vim
464 2780 497 2828 et
512 2780 675 2843 naturam,
689 2765 832 2851 copiam,
849 2782 1000 2827 ornatum
1012 2765 1185 2850 percipere

139 2870 236 2949 velit,
260 2885 298 2933 ut
311 2886 382 2933 tum
396 2867 531 2934 demum
546 2871 726 2958 profecisse
742 2865 868 2958 aliquid
882 2866 924 2932 ad
944 2891 1016 2930 eam
1034 2890 1105 2931 rem
1123 2867 1186 2931 sibi

139 2973 247 3038 rideri
262 2971 394 3054 debeat,
408 2975 466 3040 ubi
481 2974 613 3041 easdem
628 2952 679 3039 ihs
694 2999 731 3039 ac
744 2975 920 3039 sententias
934 2974 1102 3037 communi
1117 2994 1186 3037 scr-

137 3103 238 3145 mone
253 3102 418 3168 exponere
438 3099 471 3145 et
488 3081 620 3169 poetico
639 3080 755 3144 habitu
774 3096 806 3143 et
824 3093 941 3142 ornatu
960 3076 1098 3142 nudatas
1119 3078 1187 3140 ani-

138 3208 271 3250 morum
282 3184 432 3249 sensibus
447 3183 601 3249 exhibere
616 3186 650 3248 in
662 3202 796 3273 promtu
808 3182 975 3261 habuerit;
988 3183 1032 3246 ita
1047 3183 1135 3246 enim
1150 3183 1185 3250 in

141 3314 276 3357 sensum
289 3289 470 3380 oculosque
485 3291 669 3369 incurrere,
685 3313 750 3378 qua
762 3288 925 3366 doctrina,
941 3288 1095 3374 ingenio,
1116 3312 1187 3351 orn-

137 3396 235 3460 tionis
253 3395 303 3473 vi,
329 3419 347 3458 a
370 3412 469 3483 poeta
490 3394 615 3459 eaedem
636 3417 687 3458 res
707 3410 869 3459 exornatae
890 3407 923 3455 et
948 3392 1185 3455 commendatae

142 3499 212 3563 sint.
230 3500 307 3562 Non
327 3499 389 3563 nisi
408 3501 441 3562 in
460 3498 740 3587 praestantioribus
756 3497 809 3561 rel
829 3495 1068 3560 difficilioribus
1084 3496 1183 3575 lucia,

140 3626 197 3670 nec
212 3626 345 3692 semper
356 3627 417 3669 nec
430 3604 569 3694 ubique,
583 3604 648 3669 hoc
663 3626 733 3670 esse
746 3601 949 3680 faciendum,
965 3623 1074 3688 perse
1089 3601 1184 3665 intel·

145 3706 261 3796 ligitur.
952 3720 954 3724 ’

183 3815 228 3878 Ut
242 3816 354 3905 itaque
369 3817 608 3880 ornatissimam
622 3831 728 3902 poetae
743 3815 925 3878 orationem
937 3809 1137 3874 declararem
1152 3827 1185 3875 et

148 3919 354 4006 explicarem,
366 3919 400 3984 id
410 3943 489 3985 vero
499 3919 643 3984 breviter
652 3920 769 3998 facere,
785 3917 1003 3982 consiliumet
1014 3914 1183 4001 ingenium

150 4042 250 4088 neum
270 4024 474 4109 suadebant3
495 4027 585 4092 nulla
605 4024 689 4090 mihi
708 4024 790 4089 ratio
807 4024 874 4087 risa
894 4037 944 4087 est
962 4017 1183 4099 commodior,
