2670 4824
335 348 537 422 rnnrrn
560 354 840 424 ammonis.
1089 387 1107 449 7

65 505 186 580 operae
198 484 510 578 opportunitatem
521 504 557 551 se
566 480 657 550 mihi
670 478 801 551 offerre
814 477 989 566 viderem,
1001 478 1107 553 nolui

64 595 226 670 fortuuae
238 595 373 683 deesse,
388 598 592 691 iterumque
606 599 790 665 retractavi
807 620 848 665 ea
864 619 946 691 quae
959 620 980 663 a
994 619 1053 665 me
1067 596 1106 664 iu

65 709 263 808 Virgilium
285 713 415 806 scripta
438 724 569 796 essent,
596 711 835 806 inprimisque
859 710 972 804 priori
998 707 1106 777 volu-

65 828 169 913 mini,
186 823 288 922 quod
301 821 470 893 Bucolica
482 838 517 892 et
530 823 706 919 Georgica
716 819 980 918 complectitur,
991 846 1106 918 quan·

64 954 145 1008 tum
162 963 227 1036 per
246 937 332 1008 alias
350 962 454 1007 curas
474 934 611 1024 liceret,
632 936 794 1006 studium
813 932 964 1032 aliquod
980 960 1105 1006 meum

61 1051 198 1140 addixi3
212 1054 388 1149 quoniam
404 1049 467 1121 illa
483 1054 645 1122 carmina
656 1048 884 1121 subtiliorem
900 1052 1105 1145 interpreta-

63 1169 173 1236 tionis
187 1191 314 1236 curam
329 1180 362 1235 et
376 1163 659 1236 sollicitudinem
672 1163 871 1235 desiderare
882 1167 956 1233 visa
967 1179 1078 1234 erant.

36 1327 39 1330 <
110 1279 273 1351 Reddere
297 1282 475 1350 rationem
492 1278 674 1378 sigillatim
692 1304 820 1349 eorum
842 1302 924 1375 quae
944 1280 981 1347 in
1003 1280 1104 1348 tertia

61 1391 132 1464 bac
146 1393 305 1465 editione
320 1397 547 1482 accesserint,
567 1398 652 1491 quia
669 1397 746 1464 sine
765 1394 1012 1463 ostentationis
1026 1399 1104 1486 spel

61 1511 117 1577 cie
138 1511 334 1587 memorari
357 1505 441 1578 talia
464 1526 667 1605 nequeunt,
694 1506 918 1604 supersedeo.
941 1502 1102 1593 sufficit,

62 1621 270 1692 emendasse
283 1647 341 1691 me
358 1621 414 1691 vel
435 1621 671 1719 locupletasse
691 1621 876 1692 observata
896 1623 934 1689 in
959 1636 1104 1716 poetam

55 1731 150 1805 'locis
173 1732 317 1822 multis3
345 1733 514 1831 adjecisse
537 1737 716 1807 Excursus
742 1733 964 1820 nonnullos,
995 1733 1101 1804 obelo

60 1845 267 1918 confodisse
280 1847 365 1935 alia,
383 1873 449 1918 nec
464 1853 661 1946 pepercisse
682 1854 723 1920 iis
742 1875 841 1946 quae,
864 1847 953 1918 olim
974 1847 1102 1919 admo·

58 1961 151 2033 dum
166 1961 317 2058 probata
332 1978 395 2032 aut
406 1960 608 2059 probabilia
620 1967 706 2050 visa,
721 1989 822 2032 nunc
836 1960 954 2032 fundo
966 1961 1100 2033 idoneo

57 2075 203 2146 destitui
215 2074 442 2146 videbantur.
455 2075 571 2146 Video
583 2076 732 2172 quidem
749 2074 820 2145 hoc
835 2100 908 2145 esse
921 2079 1014 2144 inter
1027 2101 1099 2144 ma-

58 2189 94 2260 la
114 2215 234 2287 operae
258 2214 364 2274 meae,
392 2189 493 2286 quod
517 2188 619 2259 nulla
642 2205 693 2259 est
713 2188 847 2259 harum
875 2187 1098 2274 editionum,

57 2329 141 2400 quae
155 2301 257 2373 alteri
271 2301 409 2400 ubique
424 2302 648 2399 respondeat.
664 2303 766 2394 Quid
778 2319 897 2372 tamen
913 2305 950 2372 in
969 2299 1100 2372 huma-

57 2443 106 2487 na
128 2415 200 2487 hac
222 2414 432 2487 infirmitate
452 2415 576 2505 facias,
603 2442 705 2505 cum,
727 2420 1015 2514 quotiescunque
1033 2413 1100 2486 ali·

56 2529 166 2628 quid,
183 2545 250 2600 ate
266 2546 434 2601 curatum
453 2544 516 2601 aut
530 2529 773 2618 elaboratum,
788 2535 918 2600 iterum
937 2535 1100 2627 inspexe—
1198 2552 1202 2559 ·

57 2649 125 2733 ris,
142 2647 246 2715 toties
262 2643 383 2715 videas
398 2669 488 2731 esse,
512 2668 594 2741 quae
617 2661 753 2715 mutata
771 2660 805 2714 et
825 2644 1013 2714 emendata
1029 2670 1101 2715 esse

58 2758 201 2846 malles,
216 2761 354 2828 etiamsi
370 2782 447 2827 non
465 2761 573 2827 nimis
588 2783 753 2828 morosus
769 2761 814 2828 sis
828 2775 900 2828 tuae
916 2782 1033 2854 operae
1043 2758 1099 2855 ju·

59 2872 125 2944 dex
140 2899 182 2945 ac
197 2868 346 2942 censor?
361 2873 486 2968 ltaque
500 2875 605 2942 venia
619 2897 767 2969 quoque
782 2871 902 2941 danda
921 2870 1012 2957 mibi
1033 2887 1099 2958 est,

59 2991 86 3055 si
103 2986 289 3056 interdum
304 2989 478 3056 mutarim
495 2991 720 3073 sententiam,
736 2985 804 3056 alia
819 2984 1004 3082 amplexus
1019 2988 1100 3072 sim,

62 3100 182 3171 autad
196 3102 346 3196 pristina
362 3098 540 3170 redierim.
559 3101 619 3170 Est
640 3104 816 3170 immensa
835 3125 956 3170 rerum
972 3085 1100 3188 moles,

26 3212 31 3225 ’
64 3217 190 3309 quaein
204 3230 279 3283 tam
296 3210 408 3311 longo
426 3239 545 3310 operae
560 3240 669 3284 cursu
687 3219 845 3284 occurrit
855 3244 864 3302 ;
883 3241 948 3284 nec
963 3239 1102 3311 semper

67 3326 155 3397 idem
172 3343 224 3397 est
242 3329 356 3397 animi
374 3326 520 3398 habitus
539 3344 572 3398 et
595 3353 736 3416 sensus;
758 3328 944 3399 afferimus
961 3332 1101 3424 impru-

69 3439 182 3511 dentes
198 3465 239 3511 ea
256 3466 340 3537 quae
354 3458 475 3511 mente
496 3446 535 3510 in
559 3441 636 3512 aliis
654 3446 804 3539 negotiis
826 3456 1000 3538 occupata
1023 3467 1101 3512 me-

10 3594 12 3599 ·
71 3550 161 3623 ditati
179 3579 339 3641 eramus,
356 3571 390 3624 et
406 3580 492 3624 cum
507 3558 565 3642 iis,
580 3554 625 3625 ad
643 3581 725 3652 quae
740 3556 963 3641 accedimus,
985 3581 1101 3652 copu-
1197 3562 1201 3567 ’

73 3662 176 3738 lamus
195 3666 329 3754 aliena,
347 3693 429 3763 quae
445 3667 568 3738 lusum
586 3673 733 3766 ingenio
747 3669 904 3757 faciunt3
924 3695 963 3738 ea
979 3684 1099 3738 autem

76 3775 133 3848 alio
145 3797 307 3878 tempore
322 3807 344 3850 a
358 3781 538 3852 nobismet
552 3786 636 3878 ipsis
651 3782 816 3853 damnari
832 3788 912 3880 quis
929 3783 1101 3853 miretur?

77 3892 151 3981 Quae
167 3920 221 3965 res
238 3894 503 3983 animadversa,
520 3900 548 3965 si
566 3895 707 3966 nullam
725 3894 851 3981 aliam,
876 3895 1036 3966 modeste
1056 3896 1100 3966 de

78 4004 164 4078 nobis
185 4008 363 4081 sentiendi
385 4026 420 4081 et
443 4036 543 4109 aequa
561 4010 740 4082 statuendi
758 4011 803 4081 de
819 4008 917 4096 aliis,
939 4033 1099 4080 caussam
