2670 4824
229 369 271 452 do
616 367 879 433 PRAEFATIO

230 490 379 580 sequitur
401 490 435 554 in
462 487 563 555 literis
586 488 807 577 geminandii:
830 492 924 566 lium,
949 490 1064 569 litera,
1092 493 1263 561 scribimus

203 624 206 630 ·
228 596 333 675 forte3
353 611 386 660 at
408 617 468 660 cur
488 618 555 660 non
578 611 611 659 et
633 594 751 660 belriu?
768 597 865 661 celo?
885 598 951 660 ile?
974 600 1110 665 Veteres
1130 603 1264 666 omnino

231 700 336 766 Graeci
361 716 394 764 et
416 700 555 764 Romani
573 723 637 764 una
658 701 751 764 litera
771 700 975 782 scribebant,
998 707 1265 792 pronuntiatione

232 826 304 868 eam
318 802 546 891 geminabant:
568 801 660 892 quod
680 805 707 868 si
727 805 830 869 semel
847 805 1015 895 antiquam
1037 809 1200 875 rationem
1218 832 1265 875 se·

231 907 356 996 queris,
372 928 410 971 ea
427 905 595 997 sequenda
610 908 671 971 erit
689 909 723 972 in
743 908 910 989 omnibus,
929 908 1096 1000 adeoque,
1119 912 1146 979 si
1166 912 1269 991 baca,

233 1012 331 1076 etiam
341 1035 449 1086 vaca,
462 1010 589 1076 bucina.
604 1012 637 1077 Si
651 1029 757 1100 poetae
768 1013 876 1078 literas
889 1015 1069 1102 geminant,
1091 1035 1128 1083 ut
1146 1018 1268 1108 syllaba

231 1115 446 1206 producatur,
466 1117 624 1203 scriptum
641 1117 752 1183 videas
772 1119 958 1207 promiscue
977 1136 1128 1211 quattuor,
1146 1123 1270 1214 relege

233 1237 267 1287 et
277 1220 439 1308 luppiter,
452 1221 517 1286 hoc
527 1222 666 1286 alterum
679 1224 776 1288 etiam
791 1246 978 1315 perperam,
994 1249 1070 1290 nam
1083 1227 1225 1315 primam
1236 1229 1270 1293 in

232 1326 362 1414 Jupiter
376 1349 539 1416 nusquam
552 1344 735 1416 correptam
749 1327 831 1408 ridi,
850 1346 883 1393 et
903 1345 952 1395 est
972 1347 1137 1397 contracta
1150 1354 1215 1398 vox
1233 1355 1271 1397 ex

233 1434 427 1521 Jorispater.
449 1431 587 1501 Reuuut
607 1432 739 1499 indocte
759 1433 875 1513 scribi,
898 1433 1010 1500 docuit
1032 1437 1079 1500 Ιο.
1099 1435 1270 1502 Schrader.

233 1541 444 1626 Quantopere
458 1537 594 1603 fluctuat
607 1539 766 1626 scriptura
780 1540 814 1602 in
828 1540 1058 1627 sequentibus:
1075 1563 1208 1631 seqrmr,
1224 1564 1270 1606 se·

234 1660 341 1709 cruam
361 1665 420 1708 eur
430 1665 498 1707 non
509 1665 602 1732 aeque
616 1644 785 1734 sequutus?
798 1668 896 1735 quum
909 1667 970 1733 pro
984 1668 1074 1725 cum,
1091 1663 1124 1710 et
1136 1650 1272 1732 cadauer

238 1751 328 1839 qnis;
343 1773 407 1839 qua
422 1747 555 1814 tandem
566 1750 691 1814 ratione
702 1748 853 1815 obtunsus
866 1748 1078 1816 scribendum
1090 1749 1230 1831 dixeris,
1247 1751 1273 1816 si

235 1853 384 1938 coufiuus
397 1853 566 1919 scribitur?
578 1871 635 1919 aut
644 1878 810 1944 praegnas,
823 1855 850 1920 si
864 1858 1028 1941 conjunx?
1041 1857 1274 1922 Grammatico-

236 1984 311 2024 rum
322 1976 354 2024 et
365 1960 556 2048 sequiorum
569 1976 700 2025 aetatum
709 1958 851 2025 ludibria
863 1961 896 2025 in
907 1960 959 2025 his
972 1984 1042 2026 esse
1057 1959 1165 2040 rideo,
1181 1960 1274 2026 ratic

237 2089 316 2132 nem
328 2064 488 2130 desidero.
502 2066 657 2131 Praeclara
671 2065 725 2130 illa
737 2081 786 2130 est
798 2089 817 2129 a
832 2066 978 2131 Bendeio
990 2067 1135 2154 primum
1145 2064 1275 2154 prodita

237 2170 436 2251 observatio,
452 2187 579 2237 veteres
595 2194 765 2261 nunquam
784 2194 851 2235 non
870 2169 1046 2258 protulisse
1061 2172 1205 2258 lmperl,
1219 2193 1274 2235 ne·

238 2277 321 2363 gotl,
337 2276 472 2341 consilI:
486 2274 635 2365 adeoque
648 2277 693 2341 sic
708 2277 827 2340 Lavinl
842 2291 875 2340 et
885 2275 956 2340 alia.
971 2273 1059 2357 Quid
1071 2290 1183 2340 tamen
1197 2276 1224 2340 si
1238 2297 1275 2339 ex

238 2382 346 2445 Ennio
355 2380 487 2446 laudare
496 2403 647 2468 possum:
661 2381 833 2471 Tarquinii
842 2403 955 2466 corpus
966 2379 1189 2465 bonufirmina
1198 2381 1278 2447 lavit

237 2504 272 2551 et
293 2486 409 2550 unxit?
432 2484 566 2549 Accedit
586 2484 676 2574 quod
693 2487 762 2574 ipse
782 2503 881 2574 poeta
906 2485 947 2549 ad
968 2484 1097 2549 aurium
1113 2482 1276 2573 judicium

238 2612 364 2681 ponere
374 2590 483 2678 potuit
493 2590 564 2654 aliis
575 2591 655 2654 locis
671 2589 704 2654 id
715 2589 805 2679 qnod
817 2592 851 2655 in
860 2590 936 2676 {aliis
946 2605 1117 2678 spreverat·
1125 2605 1184 2653 aut
1196 2588 1277 2678 reje-

229 2713 345 2784 cerat,
358 2695 451 2784 cujus
463 2697 589 2782 generis
604 2696 762 2760 nonnulla
776 2694 899 2761 credita
910 2712 987 2760 sunt
1000 2695 1042 2759 ab
1056 2694 1200 2782 antiquis
1211 2696 1279 2759 Ma·

239 2800 330 2864 ronis
348 2798 474 2888 judicio
496 2798 619 2864 deberi.
647 2799 744 2888 Apud
767 2800 910 2864 Gellium
935 2800 1101 2878 Xlll,·ao
1128 2821 1148 2861 a
1170 2796 1278 2863 Probo

240 2905 450 2991 grammatico
471 2905 505 2968 in
523 2904 608 2969 libro
628 2927 728 2968 manu
752 2906 855 2993 ipsius
876 2921 983 2992 poetae
1007 2919 1154 2981 correcto
1178 2903 1279 2968 fuisse

239 3007 380 3074 traditur
402 3010 460 3073 Ge.
483 3012 512 3089 Ι,
539 3009 577 3076 25
600 3008 727 3074 urbisne
747 3011 881 3076 invisere
905 3009 1032 3084 Coesar,
1053 3031 1135 3087 non,
1161 3007 1278 3073 urbes:

241 3130 355 3178 contra
369 3116 438 3178 AEn.
455 3115 519 3192 Ill,
544 3114 603 3179 106
623 3112 759 3178 Centum
773 3112 865 3178 urbes
878 3112 1039 3178 habitunt.
1059 3116 1129 3177 AEn.
1145 3113 1195 3192 11,
1217 3114 1279 3195 460

241 3217 372 3283 Turrim
394 3220 429 3282 in
449 3222 613 3304 praecipiti
631 3234 778 3284 stantem.
801 3221 850 3299 ΙΙ,
877 3222 940 3300 224
961 3222 1119 3283 incertum
1137 3222 1283 3283 excussit

240 3325 363 3388 cervice
377 3325 520 3386 securum.
540 3324 584 3400 X,
601 3324 674 3411 349.
693 3323 756 3388 350
773 3323 852 3387 Tres
864 3346 988 3414 quoque
1007 3321 1172 3387 Ibreicios
1183 3322 1283 3388 -Er

239 3431 297 3491 tris
307 3449 384 3516 quos
395 3425 485 3491 Idus.
499 3427 590 3492 Adeo
604 3428 687 3495 nihil
701 3429 777 3492 satis
791 3429 871 3493 certi
885 3445 918 3493 et
931 3429 994 3492 tuti
1006 3443 1056 3492 est
1069 3429 1103 3490 in
1116 3427 1208 3491 omni
1219 3425 1282 3493 hac

240 3531 418 3596 subtilitate
434 3534 659 3620 grammatica,
679 3556 779 3622 quam
794 3532 964 3621 equidem,
980 3533 1008 3597 si
1023 3533 1149 3622 primus
1166 3548 1283 3597 auctor

241 3637 476 3702 constituendae
489 3638 638 3703 lectionis
652 3638 837 3725 Virgilianae
852 3640 1004 3717 fuissem,
1015 3637 1091 3726 jure
1104 3658 1143 3701 ac
1161 3637 1282 3700 merito

240 3740 282 3806 ad
301 3763 510 3808 communem
528 3765 625 3807 usum
644 3743 852 3808 constitutam
867 3744 1091 3833 reliquissem
1110 3763 1176 3829 qua
1192 3738 1283 3806 enim

241 3845 275 3910 in
289 3868 324 3909 re
342 3846 425 3911 nihil
443 3847 518 3910 satis
539 3845 580 3910 ad
599 3845 763 3934 liquidum
779 3846 916 3934 perduci
937 3862 1061 3935 potest,
1084 3845 1237 3932 inprimis
1256 3845 1283 3909 si

242 3952 350 4037 magni
363 3973 471 4039 perse
485 3952 644 4015 momenti
659 3975 726 4016 non
741 3969 802 4032 est,
824 3975 982 4042 quorsum
996 3951 1099 4014 multa
1113 3949 1281 4027 moliaris,

243 4075 315 4143 quae
329 4055 464 4127 consilio
482 4079 521 4121 ex
538 4070 631 4147 parte
653 4073 781 4126 tantum
801 4054 1026 4149 respondent?
1043 4057 1170 4123 Locum
1192 4053 1294 4123 enim-
