2670 4824
415 377 689 444 EDlTIONIS
713 380 893 444 PRIMAE.
1144 381 1180 454 tl

142 515 221 568 sunt.
243 501 287 565 At
306 520 422 564 eorum
440 502 652 588 scriptomm‚
673 525 815 591 quorum
836 502 966 569 codices
986 521 1019 569 et
1037 522 1130 572 aetate
1149 526 1183 575 et

142 603 284 672 bonitate
295 622 486 694 praestantes
500 629 620 693 magno
634 629 775 671 numero
791 607 860 698 jam
879 610 1018 698 inspecti
1036 629 1129 690 sunt,
1154 614 1181 680 si

140 713 217 777 alios'
235 710 367 778 codices
387 711 537 800 vulgares
556 715 812 800 comparaveris,
840 715 946 778 omnis
967 716 1093 782 fructus
1114 717 1182 806 ple·

141 828 279 906 rumque
300 814 343 880 ad
364 816 529 881 sollennes
548 832 606 881 aut
627 839 731 881 novos
755 840 882 883 errores
901 819 1126 902 librariorum,
1149 839 1182 887 et

140 924 310 988 varietates
330 921 400 1012 jam
423 919 556 986 aliunde
580 938 673 987 notas
696 921 803 1004 redit,
826 925 871 988 ita
891 925 976 989 male
1003 927 1182 992 collocatur

140 1027 252 1091 otium.
275 1028 404 1114 ltaque,
424 1026 450 1090 si
470 1026 544 1114 quis
561 1026 711 1091 lectionis
730 1027 921 1092 vamemtem
935 1052 975 1093 ex
992 1030 1125 1118 optimis
1143 1031 1181 1094 li-

138 1131 202 1196 bris
215 1131 261 1195 ad
275 1140 425 1196 nostrum
439 1153 545 1220 usque
564 1147 695 1219 tempus
709 1130 857 1221 undique
872 1150 1061 1222 congestam
1075 1137 1182 1200 consi-

139 1235 240 1314 deret,
256 1235 299 1300 ad
314 1234 573 1300 emendatiorem
587 1254 619 1301 et
633 1237 833 1301 ornatiorem
846 1239 1017 1327 Virgiliani
1030 1242 1182 1306 carminis

140 1341 315 1406 lectionem
334 1363 469 1428 operam
486 1343 705 1407 recentiorem
723 1343 830 1407 multo
850 1345 959 1410 minus
981 1346 1183 1411 fructuosam

140 1447 238 1511 luisse
248 1445 418 1534 intelligat,
434 1469 534 1534 quam
548 1447 756 1536 superiorum
766 1464 953 1537 temporum
964 1448 1181 1539 diligentiam

139 1577 156 1618 a
167 1553 353 1618 novissimis
365 1570 476 1617 autem
490 1554 617 1619 Griticis
628 1555 683 1619 vix
696 1555 874 1645 quicqrram
888 1558 1051 1621 varietatis
1064 1580 1082 1621 e
1096 1558 1183 1624 codi-

140 1659 230 1724 cibus
245 1681 317 1724 esse
331 1675 514 1738 enotatum,
530 1659 621 1748 quod
635 1682 704 1725 non
717 1642 758 1725 o'x
770 1661 841 1727 aliis
855 1662 946 1728 libris
954 1664 1023 1753 jam
1033 1681 1182 1729 notatum

140 1781 169 1828 et
184 1764 336 1853 plurium
353 1764 514 1830 libromm
529 1786 693 1831 consensu
706 1754 793 1831 esset
810 1767 1057 1849 confirmatum3
1077 1770 1181 1860 plera-

140 1892 217 1958 que,
241 1868 335 1959 quod
353 1870 416 1958 ipsi
435 1869 540 1934 tribus
557 1869 727 1936 codicibus
745 1873 974 1961 comparandis
988 1877 1113 1964 experti
1127 1897 1182 1941 su-

140 1998 227 2056 mus,
246 1976 290 2041 ad
310 1975 533 2041 aberrationes
547 1975 755 2042 librariorum
771 1979 897 2060 redire3
918 1999 951 2046 at
970 1983 1003 2045 in
1025 1983 1063 2047 iis
1081 1983 1203 2065 locis„

141 2105 210 2171 quae
225 2082 346 2146 vulnus
361 2080 500 2159 habent,
523 2079 613 2171 quod
628 2084 825 2147 sententiam
839 2086 995 2149 orationis
1010 2086 1180 2164 obscuret,

140 2186 349 2254 restituendis
360 2210 398 2252 ac
410 2185 575 2266 sanandis,
590 2186 632 2250 ab
647 2187 697 2251 his
713 2187 882 2254 codicibus
896 2212 964 2253 non
978 2192 1080 2280 magis
1093 2193 1184 2281 quic-

139 2315 236 2381 quam
257 2292 405 2356 utilitatis
431 2314 531 2381 quam
553 2315 572 2355 a
595 2293 711 2356 ceteris
734 2294 853 2357 arcessi
876 2316 983 2382 posse.
1009 2297 1124 2384 Itaque
1144 2319 1185 2360 ex

103 2467 112 2475 5
139 2399 319 2465 innumeris
337 2397 376 2461 iis
392 2396 574 2476 codicibus,
591 2398 649 2486 qui
662 2395 772 2463 adhuc
785 2401 906 2488 passim
925 2400 959 2464 in
974 2400 1186 2467 bibliothecis

139 2504 252 2586 latent,
272 2505 351 2570 licet
369 2508 425 2568 eds
441 2505 548 2569 excuti
566 2527 635 2568 non
654 2505 790 2569 omuino
809 2506 926 2571 inutile
945 2507 1017 2572 fore
1035 2529 1185 2596 pronun·

138 2610 229 2689 tiam,
244 2607 288 2674 ad
302 2632 464 2674 summam
481 2626 591 2673 tamen
610 2610 659 2673 rei
677 2608 730 2672 vix
748 2611 925 2699 quicquam
943 2612 1039 2677 valde
1057 2637 1183 2678 memo·

138 2714 239 2779 rabile
254 2732 288 2778 et
296 2713 432 2802 insignis
439 2713 583 2803 alicujus
597 2714 745 2778 utilitatis
760 2713 1000 2802 expectandum
1015 2738 1086 2781 esse
1100 2718 1185 2781 arbi·

137 2836 214 2884 tror.
238 2820 421 2909 Plerisque,
441 2841 460 2882 e
478 2819 602 2883 Latinis
622 2835 724 2896 certe,
744 2819 949 2897 auctoribus,
970 2822 1027 2909 qui
1047 2820 1183 2910 quidem

139 2938 288 2992 accurata
301 2941 335 2989 et
350 2924 474 2989 sollerti
488 2923 630 2988 lectione
645 2922 736 3012 digni
750 2925 828 3002 sint,
845 2923 1060 2990 emendandis
1075 2941 1108 2989 et
1123 2949 1190 3013 po··

139 3029 255 3096 lieudis
270 3031 345 3097 satis
367 3029 557 3094 insudatum
571 3046 634 3108 est,
656 3045 693 3093 ut
706 3030 775 3120 jam
794 3030 832 3093 iis
853 3031 949 3094 venia
966 3048 1055 3095 certe
1075 3029 1186 3095 danda

139 3137 185 3216 sit,
201 3139 261 3226 qui
276 3135 458 3202 emendatae
469 3134 569 3226 hujus
580 3135 730 3202 lectionis
744 3137 889 3201 fructum
898 3136 1043 3225 aliquem
1052 3158 1182 3223 capere,

141 3265 198 3309 nec
221 3264 356 3308 omnem
378 3265 513 3332 operam
534 3244 568 3307 in
592 3240 741 3306 rimanda
761 3243 911 3307 lectionis
930 3243 1103 3320 varietate,
1126 3257 1187 3304 aut

141 3344 322 3413 hariolandi
333 3366 367 3414 et
379 3348 586 3440 conjectandi
597 3346 756 3428 lubidine,
766 3370 902 3436 ponere,
915 3363 972 3410 aut
980 3364 1130 3412 auctores
1140 3343 1185 3408 ad

143 3456 382 3541 grammaticam
400 3454 549 3520 modoet
567 3455 712 3520 criticam
731 3453 946 3518 subtilitatem
962 3470 1050 3545 recte
1065 3451 1186 3515 intelli·

145 3582 232 3647 gere,
251 3584 382 3642 verum,
402 3585 478 3627 cum
494 3562 573 3650 ipsis
591 3561 689 3626 rebus
704 3576 737 3625 et
753 3561 937 3638 sententiis,
954 3559 1052 3623 etiam
1067 3579 1183 3620 eorum

146 3682 243 3731 artem
256 3668 292 3730 in
306 3666 529 3747 inveniendis,
545 3663 757 3755 eloquendis,
780 3682 812 3730 et
831 3662 987 3728 ornandis
1006 3685 1117 3727 rerum
1135 3685 1184 3725 ar-

147 3774 320 3856 gumentis,
336 3773 572 3837 sententiarum
586 3796 624 3837 ac
637 3771 814 3837 verborum
829 3770 976 3847 delectu,
994 3769 1185 3857 perspicere

147 3891 176 3938 et
197 3898 311 3940 eorum
333 3878 489 3966 exemplis
509 3877 678 3941 addiscere
701 3877 821 3955 velint,
849 3871 1019 3964 quomodo
1040 3873 1102 3960 ipsi
1112 3872 1185 3943 sibi

148 3981 298 4068 majorem
312 3982 436 4069 ingenii
451 3999 484 4047 et
501 3982 657 4046 orationis
673 3981 868 4069 elegantiam
885 3996 1085 4066 comparent.
1100 3979 1185 4043 Cum

148 4098 249 4154 umen
270 4087 448 4175 Virgilium·
468 4107 546 4153 eum
566 4109 636 4162 esse
657 4087 897 4167 meminissem,
921 4084 955 4150 in
978 4105 1046 4172 quo
1064 4082 1184 4156 criticae
