2670 4824
336 371 602 438 EDlTlONlS
625 370 806 436 Plllblrl).
1057 395 1089 437 ιι

50 497 282 586 unusquisque
297 518 336 560 ex
350 497 389 560 iis
403 495 455 560 vel
469 518 574 559 unum
588 511 715 558 tantum
727 492 839 557 locum
852 490 927 556 satis
942 493 1097 558 illustras·

52 620 116 680 set,
135 602 220 666 nihil
241 602 276 665 in
293 617 364 665 toto
382 601 519 689 Virgilio
539 598 744 665 obscuritatis
763 598 913 662 relictum
932 620 1022 676 esse,
1044 599 1094 663 sin

52 730 160 773 unum
179 705 295 771 saltem
316 705 455 795 quilibet
474 707 585 770 locum
612 704 833 782 obscurasset,
855 703 889 767 in
912 720 982 767 toto
1001 703 1096 767 nobis

53 812 192 899 Virgilio
211 810 450 877 caecutiendum
469 831 540 875 esse
560 809 664 874 videri
685 807 831 873 deberet.
852 810 944 890 Quos
962 807 1098 897 quidem

54 938 171 983 omues
188 941 208 982 a
225 939 280 980 me
297 916 460 1004 perlectos
474 937 559 995 esse,
575 915 741 979 neminem
755 937 774 977 a
788 936 841 979 me
857 930 1027 1002 expectare
1041 937 1097 978 ve·

54 1023 130 1086 lim:
146 1023 253 1109 primo
268 1021 342 1087 loco
356 1021 519 1101 Servium,
536 1018 633 1084 Probi
646 1018 793 1098 lacinias,
809 1042 885 1083 cum
899 1019 1098 1106 exscriptore

54 1127 146 1191 Julio
166 1126 304 1206 Sabino,
324 1128 490 1192 Donatum
509 1142 542 1190 et
560 1124 813 1213 Philargyrium,
835 1139 906 1187 tum
925 1124 1099 1188 Heinsium

56 1247 91 1296 et
107 1233 386 1310 Burmannum,·a
403 1231 524 1320 quibus
538 1247 648 1295 tamen
663 1228 705 1293 ad
723 1230 1027 1317 interpretationem
1041 1252 1099 1317 pa-

56 1359 132 1399 rum
146 1336 271 1400 fructus
283 1336 383 1416 feras,
399 1335 553 1414 Cerdam,
569 1334 704 1402 doctum
719 1351 752 1399 et
765 1335 976 1413 laboriosum,
990 1336 1100 1400 minus

56 1442 143 1504 forte
155 1439 377 1527 ingeniosum,
393 1441 620 1528 interpretem,
637 1441 730 1528 cujus
745 1457 854 1504 tamen
869 1442 963 1529 copia
979 1456 1011 1504 et
1025 1463 1099 1504 eru·

57 1542 139 1610 ditio
155 1567 222 1608 non
236 1567 311 1610 raro
325 1545 399 1633 plus
413 1546 587 1625 molestiae,
608 1568 707 1636 quiam
721 1545 800 1610 boni
819 1547 958 1625 fructus,
979 1545 1100 1609 babere

56 1649 157 1729 solet3
176 1666 297 1738 praeter
310 1651 477 1716 Guellium
496 1667 529 1716 et
548 1652 719 1730 Ursinum,
736 1675 812 1717 cum
826 1653 982 1730 Martino,
1003 1652 1102 1716 inter-

58 1751 138 1817 dum
154 1756 321 1819 Catroeum
335 1772 368 1822 et
386 1758 538 1836 Ruaeum,
554 1758 707 1822 evolvere
722 1759 798 1823 satis
812 1756 931 1822 habui:
947 1780 965 1821 e
981 1757 1102 1844 quibus

57 1860 302 1925 commentariis
324 1861 465 1926 multum
488 1885 541 1926 me
562 1863 740 1951 profecisse
762 1886 829 1927 non
848 1862 993 1940 inficior,
1014 1885 1101 1951 saepe

57 1983 167 2030 tamen
187 1966 227 2030 iis
245 1966 280 2030 in
299 1966 393 2047 locis,
413 1968 448 2031 in
467 1967 587 2055 quibus
606 1969 676 2056 ipse
690 1966 866 2046 haererem,
883 1968 1030 2032 utilitatis
1043 1991 1101 2056 pa·

57 2094 146 2150 rum,
161 2070 252 2135 taedii
266 2094 345 2136 vero
360 2073 555 2160 plurimum,
571 2071 648 2138 inde
663 2070 770 2136 adme
785 2071 892 2136 redire
906 2073 1003 2137 sensi.
1023 2076 1104 2136 Des·

57 2178 173 2242 titutus
189 2177 279 2241 enim
297 2177 338 2241 ab
356 2179 410 2256 iis,
430 2180 559 2266 quoties
574 2200 690 2241 eorum
706 2200 840 2266 operam
859 2175 1102 2255 desiderabam,

58 2282 93 2345 in
106 2283 188 2361 aliis,
201 2305 276 2370 quae
287 2282 416 2347 nullum
430 2283 544 2348 alienae
553 2284 625 2370 opis
638 2281 838 2347 desiderium
848 2280 1020 2360 faciebant,
1035 2297 1103 2345 tam
1199 2356 1202 2363 ¹

59 2388 213 2475 copiosos
235 2410 274 2452 ac
292 2387 407 2453 doctos
428 2411 485 2452 eos
506 2410 577 2453 esse
598 2387 769 2466 videbam,
793 2404 842 2467 ut,
865 2385 1036 2477 quomodo
1052 2402 1104 2451 tot

59 2491 260 2579 elegantium
274 2510 307 2557 et
321 2511 490 2559 acutarum
505 2493 771 2560 observationum
789 2491 1106 2559 fructu'adolescen-

58 2614 109 2661 tes
124 2621 188 2663 nec
206 2598 303 2685 plane
317 2601 494 2686 privarem,
511 2623 572 2666 uec
586 2623 664 2665 cunr
676 2597 775 2664 taedio
790 2600 956 2678 satiarem,
977 2622 1044 2663 non
1059 2600 1106 2662 fa·

60 2703 122 2767 cile
141 2704 336 2767 invenirem.
351 2704 487 2770 Offendi
502 2704 545 2769 ad
558 2706 621 2770 alia
634 2727 734 2794 prave
747 2721 895 2792 accepta,
908 2706 993 2769 male
1008 2726 1107 2793 expo·

61 2807 134 2890 sita,
149 2826 207 2873 aut
222 2808 410 2891 obscurata,
426 2832 500 2899 quae
513 2811 595 2874 mibi
610 2811 685 2876 satis
700 2810 785 2875 clara
799 2834 836 2875 ac
850 2812 1023 2899 perspicua
1037 2810 1117 2875 visa·

64 2931 170 2994 erant,
186 2915 231 2978 ita
245 2930 282 2978 ut
295 2915 462 2980 interdum
476 2918 650 2996 nescirem,
667 2917 701 2980 in
715 2939 814 3006 quam
827 2934 954 3004 partem
967 2939 1021 2981 me
1034 2938 1108 2980 ver·

63 3036 182 3099 terem,
198 3019 449 3086 illustrationem
464 3023 552 3087 enim
566 3021 664 3088 baeca
678 3045 731 3086 me
744 3023 962 3110 postulabant,
971 3047 1014 3087 an
1026 3043 1108 3086 vero

66 3148 113 3206 ea,
136 3147 212 3215 quae
229 3127 339 3191 minus
358 3125 445 3193 bene
463 3129 559 3192 allata
577 3145 686 3207 erant,
704 3130 889 3194 refellerem
904 3129 1105 3194 dubitabam.
1181 3124 1183 3133 ’

65 3230 112 3295 ab
125 3230 188 3296 bac
207 3231 296 3294 enim
311 3231 527 3315 illiberalitate
544 3235 703 3299 intactum
717 3253 831 3324 pectus
846 3258 977 3324 semper
990 3235 1107 3314 babui,

67 3352 101 3399 ut
120 3334 312 3401 refellendis
335 3354 391 3402 aut
412 3339 578 3404 elevandis
601 3341 741 3404 aliorum
767 3340 862 3406 dictis
885 3340 1053 3428 indignam
1075 3357 1109 3404 et

69 3439 242 3526 ignobilem
255 3443 391 3530 gloriam
401 3462 575 3532 captarem.
589 3447 696 3510 Multo
706 3448 808 3534 magis
818 3446 974 3511 abhorrui
985 3470 1005 3510 a
1017 3446 1109 3510 foedo

71 3545 120 3609 illo
133 3570 241 3627 more,
261 3549 483 3615 cavillationes
497 3552 649 3616 scurriles
666 3569 699 3616 et
717 3553 955 3616 contumeliosa
968 3550 1055 3615 dicta
1073 3552 1110 3614 in

10 3654 12 3671 '
72 3650 143 3716 alios
157 3652 256 3717 laude
270 3676 329 3718 seu
342 3657 458 3719 merita
472 3678 531 3720 seu
544 3658 706 3721 immerita
720 3674 852 3721 ornatos
862 3654 1020 3746 jaciendi,
1036 3673 1106 3735 aut,

72 3772 104 3818 ut
119 3755 254 3837 habeas,
274 3782 341 3847 quo
360 3783 416 3826 eos
435 3763 592 3849 exagites,
613 3761 699 3827 dicta
713 3763 754 3827 ab
773 3764 812 3827 iis
831 3760 1042 3849 impudenter
1055 3784 1109 3827 ca·

73 3859 257 3927 lumniandi.
273 3866 394 3930 Contra
408 3884 536 3954 gratum
549 3867 632 3931 mihi
651 3885 683 3931 et
697 3868 885 3958 jucundum
899 3869 1109 3956 ingenueque

74 3964 175 4032 indole
190 3969 328 4058 dignum
342 3973 448 4037 visum
464 3990 525 4053 est,
541 3973 689 4062 profiteri
703 3998 764 4062 per
779 3996 861 4063 quos
876 3972 1107 4062 profecissem,

77 4093 184 4164 meque
203 4076 341 4143 meliora
359 4077 491 4146 edoceri
509 4102 528 4144 a
545 4078 737 4146 melioribus
754 4097 853 4168 atque
868 4080 966 4144 etiam
987 4079 1106 4159 refelli,
