2670 4824
152 682 749 806 ERUDITISSIMO
786 684 1139 805 LECTORI

557 1079 592 1150 S.
619 1080 658 1149 P.
687 1080 730 1149 D.

381 1424 441 1528 N.
471 1426 527 1529 E.
556 1412 899 1536 LEMAIRE.

564 1804 694 1857 Musaeum
707 1816 768 1857 ante
781 1822 873 1857 omnes
877 1843 956 1856 ......

722 1896 823 1948 AErun.
837 1893 882 1947 tit.
896 1895 951 1961 71,
964 1913 988 1945 v.
1000 1891 1063 1962 667.

115 2562 179 2665 Er
210 2587 346 2680 habes,
381 2588 501 2665 lector
532 2552 844 2700 eruditissime,
832 2557 1016 2699 'primum
1046 2584 1172 2659 Publii

112 2710 283 2811 Virgilii,
306 2730 418 2812 atque
436 2714 531 2787 adeo
549 2734 711 2837 poeseos
702 2700 860 2787 letinae
868 2711 1062 2788 volumen.
1078 2710 1171 2805 Quis

113 2862 134 2908 e
159 2863 265 2910 sacro
289 2863 542 2911 romanorum
567 2854 771 2954 poemiam
789 2818 941 2936 agintne
965 2837 1005 2909 iu
1028 2858 1172 2909 novam

113 2956 292 3033 editionis
315 2958 440 3034 lucem
461 2986 529 3061 per
550 2988 620 3035 nos
640 2943 742 3035 ituro
761 2962 936 3063 princeps
962 2957 1171 3051 incederet,

113 3111 194 3158 non
208 3084 322 3186 longa
336 3086 557 3163 deliberatio
569 3089 659 3163 fuit·
651 3090 838 3189 ;longior,
854 3115 931 3189 quo
945 3093 1171 3187 interpreta-

113 3210 229 3285 tionis
244 3213 428 3289 comitatu
442 3214 625 3316 prodiret.
643 3215 748 3289 Nulli
761 3219 902 3288 etenim
914 3213 1041 3314 plures
1054 3237 1171 3310 quam

112 3337 266 3411 Maroni
281 3339 502 3441 interpretes
519 3343 782 3441 contigerunt:
800 3368 933 3417 verum
949 3368 993 3413 ex
1009 3340 1092 3439 ipsa
1106 3364 1171 3409 co-

113 3461 180 3562 pia
200 3487 281 3536 non
300 3462 492 3539 mediocre
512 3470 676 3539 nascitur
695 3463 998 3539 incommodum.
1023 3466 1121 3535 Nam
1139 3459 1173 3531 si

114 3609 158 3656 ex
181 3599 240 3658 tot
261 3583 463 3660 doctorum
485 3587 656 3663 virorum
684 3584 1010 3661 lucubrationibus
1036 3581 1172 3682 petitas

112 3709 307 3783 hincinde
321 3730 432 3786 notas
446 3711 701 3812 seligeremus,
717 3739 864 3786 necesse
880 3725 979 3802 erat,
995 3722 1060 3780 aut
1072 3704 1173 3780 ultra

112 3831 277 3905 modum
291 3862 495 3911 excrescere
509 3837 624 3911 totius
641 3838 764 3938 operis
781 3834 925 3910 molem
932 3872 952 3925 ,2
968 3845 1033 3904 aut
1049 3828 1172 3902 multa

112 3954 236 4054 rejici,
255 3956 370 4056 digna
381 3974 512 4035 tamen
527 3987 610 4060 quae
627 3960 926 4034 admitterentur.
944 3951 1052 4027 Adde
1067 3948 1172 4053 quod

114 4082 304 4162 nonnulla
319 4101 426 4184 sunt,
440 4087 482 4163 in
496 4087 631 4189 quibus
642 4085 863 4166 enarrandis
874 4083 1065 4187 prolixam
1081 4103 1172 4177 ope-
