2670 4824
742 645 800 705 EX

508 828 1039 933 PRAEFATIONE

335 1079 463 1150 ΤΟΜΙ
488 1076 692 1148 SECUNDI
717 1076 957 1151 EDITIONIS
982 1079 1130 1152 SECUN
1136 1080 1212 1151 1)AE

628 1240 917 1332 uncctxnxvu.

252 1696 357 1828 Qun
370 1732 405 1797 in
415 1754 501 1798 nora
511 1731 573 1798 hac
585 1731 730 1798 editione
744 1732 888 1798 AEneidis
900 1729 1105 1815 accesserint,
1117 1733 1288 1801 ambitioso

251 1858 390 1904 recensu
404 1859 620 1903 annumerare
633 1839 688 1903 uel
704 1837 892 1927 appendere
912 1839 995 1904 nihil
1017 1841 1143 1905 attinet.
1164 1840 1290 1907 Sufficit

252 1966 356 2032 pauca
374 1967 519 2009 monere.
541 1945 624 2008 Cum
642 1945 802 2032 inpriore
819 1943 963 2009 editione
975 1945 1076 2010 verba
1091 1934 1289 2011 recensionis

252 2050 499 2119 Burmannianae
523 2051 660 2139 exprimi
683 2071 868 2130 curassem,
899 2050 933 2114 in
959 2050 1079 2140 quihus
1105 2051 1167 2115 etsi
1189 2049 1289 2131 multa

251 2166 328 2225 casu
342 2180 380 2222 ac
392 2155 541 2222 socordia
554 2178 729 2243 operarum
740 2172 877 2234 mutata,
892 2155 1051 2221 nonnulla
1062 2156 1161 2220 etiam
1176 2153 1289 2244 depra-

250 2278 337 2342 vata,
357 2261 665 2350 deprehendebam,
689 2279 800 2327 tamen
821 2259 946 2350 aliquid
970 2283 1091 2325 novare
1117 2259 1288 2325 nolebam:

250 2390 339 2433 nunc
353 2366 611 2432 emendatiorem
627 2367 802 2431 lectionem
819 2366 853 2429 in
866 2364 978 2431 multis
991 2365 1072 2430 locis
1085 2364 1240 2445 exhibui,
1257 2361 1290 2429 id

250 2495 385 2561 quoque
399 2472 523 2550 curavi,
539 2489 576 2534 ut
588 2470 820 2558 orthographia
832 2470 933 2535 semel
948 2487 1079 2559 recepta
1090 2469 1153 2534 sihi
1168 2484 1291 2536 consto·

250 2593 318 2656 ret;
337 2584 537 2666 quamquam
556 2599 593 2640 ea
612 2577 645 2638 in
665 2598 700 2639 re
719 2598 880 2640 summam
896 2575 1107 2640 subtilitatem
1119 2576 1215 2664 sequi
1232 2595 1290 2639 nec

251 2682 341 2747 volui
362 2705 423 2748 nec
441 2683 551 2770 potui:
571 2680 599 2746 si
616 2682 704 2746 enim
722 2683 804 2746 ratio
822 2699 854 2746 et
869 2683 1018 2770 analogia
1029 2697 1098 2746 erat
1114 2679 1287 2771 servanda,

251 2788 424 2852 innumera
431 2789 563 2869 fuerant
574 2786 748 2867 mutanda;
761 2804 831 2851 tum
841 2810 919 2851 vero
932 2789 1070 2852 Romani
1080 2784 1290 2853 inscribendi¹

252 2894 412 2959 rationem
428 2909 632 2959 constantem
649 2915 687 2958 ac
705 2910 899 2981 perpetuam
914 2915 982 2956 non
998 2894 1100 2980 magis
1118 2910 1289 2961 consenso·

251 3016 328 3063 runt
340 3023 439 3089 qnam
450 3016 627 3081 nostrates,
646 3014 703 3062 aut
717 2998 785 3062 ulla
800 2998 862 3062 alia
879 2999 986 3077 natio;
1001 3020 1062 3063 nec
1077 2994 1226 3061 minutiis
1242 2994 1288 3060 his

251 3101 432 3169 aut‘meum
446 3122 503 3169 aut
519 3105 659 3169 aliorum
677 3104 846 3192 ingenium
860 3125 996 3168 onerare
1012 3103 1122 3183 volui3
1143 3102 1288 3191 inprimis

251 3233 328 3276 cum
345 3210 427 3274 mihi
445 3211 542 3297 longe
556 3211 619 3274 alia
636 3225 745 3273 essent
759 3209 793 3271 in
809 3207 870 3274 hac
887 3228 987 3297 opera
1003 3207 1183 3297 proposita.
1201 3207 1289 3270 Cete-

252 3340 326 3383 rum
339 3339 378 3381 ex
389 3317 428 3380 iis
440 3339 529 3405 quae,
542 3316 611 3406 jam
623 3331 718 3379 antea
732 3315 767 3376 in
778 3314 948 3403 superiore
961 3312 1105 3378 editione
1118 3336 1136 3376 a
1149 3334 1205 3377 me
1217 3332 1289 3401 pre

193 3476 197 3481 .
250 3423 371 3511 posita,
395 3445 483 3486 nnnc
504 3422 538 3484 in
560 3437 667 3509 poetae
690 3434 879 3484 contextum
899 3419 1025 3508 recepi,
1049 3419 1207 3507 pleraque
1224 3417 1288 3507 jam

252 3544 344 3592 erant
355 3527 505 3592 acumine
518 3526 630 3590 critico
641 3522 801 3588 Bruncltii
808 3523 946 3612 probata
956 3525 992 3589 in
1002 3544 1089 3589 nova
1100 3522 1289 3589 recensione
1309 3605 1316 3612 Ι

251 3633 379 3722 Virgilii
396 3632 566 3721 superiore
581 3652 668 3695 anno
686 3628 789 3709 edita3
807 3631 872 3694 nisi
888 3626 979 3719 quod
992 3628 1075 3693 mihi
1091 3628 1196 3694 multo
1215 3651 1289 3717 pau·

250 3740 340 3803 ciora
357 3738 456 3803 licere
476 3735 599 3824 putari.
621 3736 668 3798 Ea
686 3734 798 3821 igitur,
819 3757 893 3823 quae
912 3757 979 3799 non
1000 3736 1044 3798 ita
1064 3730 1106 3799 ad
1128 3734 1289 3824 liquidum

250 3842 410 3932 perducta
432 3863 503 3905 esse
529 3838 702 3918 videbam,
728 3857 765 3903 ut
788 3841 904 3928 quovis
928 3841 1066 3927 pignore
1079 3838 1290 3903 'contendere

251 3971 396 4037 possem,
418 3948 463 4010 ita
482 3946 641 4033 scriptum
662 3945 762 4009 fuisse
782 3967 802 4008 a
823 3961 937 4032 poeta,
954 3961 1024 4024 aut,
1044 3943 1102 4008 ubi
1120 3945 1292 4010 manifesto

251 4052 387 4143 quidem
410 4067 496 4118 esset
520 4050 718 4142 corruptela,
746 4049 944 4117 emendandi
966 4066 1076 4116 tamen
1098 4049 1182 4116 ratio
1202 4046 1291 4116 haud
1323 4142 1327 4148 Α

439 4344 448 4372 i
