2670 4824
143 340 187 405 32
327 332 393 403 EX
414 330 749 399 PRAEFATIONE
769 332 904 401 ΤΟΜΙ
928 334 1001 400 111.

77 518 80 527 .
144 483 255 539 neam,
274 456 340 524 hoc
357 474 471 525 noitro
491 454 617 547 vulgari
637 456 696 523 has
713 454 823 523 literas
846 457 1007 523 tractandi
1027 481 1121 525 more
1138 462 1185 527 u·

145 562 294 629 dendum
306 584 393 643 esse,
411 584 455 627 ne
471 562 506 625 in
525 574 599 625 'eam
619 560 744 627 molem
760 580 807 627 eae
826 580 1025 643 excrescant,
1044 566 1101 629 cui
1112 588 1185 631 ver·

144 669 255 736 sandae
265 692 304 735 ac
316 665 487 734 volvendae
503 667 655 733 humanae
666 667 754 733 vires
764 668 818 732 vix
831 650 896 733 sint
907 690 1011 756 pares.
1026 671 1101 752 Quo
1113 670 1185 759 ipso

145 776 233 841 effici
251 796 385 840 necesse
406 790 469 853 est,
490 789 527 838 ut
546 774 581 836 in
602 773 754 838 extremis
768 789 896 838 tantum
914 774 996 855 oris,
1013 774 1120 838 autin
1134 797 1187 839 su·

143 879 280 971 perricie
300 878 445 944 haereant
469 877 640 967 plerique,
662 894 720 941 aut
740 875 782 941 ad
805 900 934 942 merum
953 877 1064 942 lusum
1084 880 1186 944 totius

145 983 246 1051 studii
255 986 461 1050 severitatem
470 1000 636 1049 revocent.
648 984 729 1065 Quae
742 983 852 1048 omnia
861 985 935 1073 quis
947 1007 1013 1047 non
1026 984 1186 1072 intelligat

145 1113 278 1155 eorem
303 1112 373 1154 esse
395 1088 597 1168 adductura,
626 1105 663 1152 ut
686 1087 751 1153 hoc
776 1087 944 1152 literarum
965 1086 1186 1152 humanarum

144 1192 292 1261 studium
304 1217 324 1257 u
337 1194 449 1282 paucis
464 1192 592 1258 idoneis
606 1193 684 1257 viris
699 1192 879 1271 excultum,
890 1193 975 1256 intra
987 1191 1088 1256 breve
1102 1209 1185 1256 tem·

145 1324 208 1391 pus
220 1299 304 1364 adeo
317 1300 503 1387 neglectum
513 1322 552 1365 ac
563 1298 756 1363 derelictum
763 1297 883 1388 jaceat,
899 1315 936 1363 ut
950 1296 1104 1363 deficiant
1117 1320 1186 1364 non

145 1403 257 1482 modo,
270 1404 329 1494 qui
341 1403 515 1469 Gronoviis
527 1405 580 1469 vel
592 1405 735 1495 Hein'siis
745 1404 866 1468 similes
876 1403 949 1482 sint,
959 1424 1076 1467 verum
1086 1404 1186 1467 etiarn

146 1511 170 1575 ii
192 1509 272 1598 ipsi,
296 1509 354 1598 qui
373 1509 475 1574 literis
499 1509 550 1575 his
577 1510 698 1598 puerili
720 1506 891 1598 disciplina
913 1505 1081 1573 tradendis
1107 1509 1185 1574 sutis

146 1614 259 1680 idonei
272 1612 463 1681 habeantur.
484 1615 647 1706 Scriptum
666 1615 701 1680 in
714 1615 855 1704 Georgia
869 1617 1016 1704 Augusta
1030 1613 1072 1682 30
1086 1614 1184 1679 Man„

151 1718 244 1809 1775.
