2670 4824
149 410 185 456 ta
451 388 515 455 EX
538 390 871 458 PRAEFATIONE

142 515 252 577 animo
271 533 365 600 aequo
384 511 469 592 fero,
495 531 527 577 et
549 534 627 578 vero
652 515 748 578 etiam
766 516 867 579 laetor.
891 511 1178 596 Quemadmodum

142 633 268 695 tamen,
287 617 395 680 minus
414 635 501 682 recte
520 618 644 707 aliquid
663 617 787 683 dictum
803 642 886 698 esse,
903 621 996 684 facile
1011 621 1178 685 interdum

143 739 192 786 est
211 721 488 802 animadvertere3
513 746 578 811 qua
595 741 705 787 tamen
723 725 757 787 in
779 748 813 787 re
833 726 950 789 erroris
972 742 1177 790 momentum

140 825 255 905 lateat,
278 828 400 905 dicere,
421 844 453 891 et
472 828 607 892 nebulas
626 829 745 892 erroris
760 828 902 917 objectas
916 830 986 893 sine
1004 830 1102 918 longa
1117 829 1179 895 dis·

141 933 325 1019 putatione,
349 931 535 1019 dispellere,
557 932 690 997 difficile
710 949 775 997 est:
796 935 840 997 ita
858 935 997 997 multum
1012 934 1178 998 interdum

141 1038 306 1102 consumsi
321 1060 445 1124 operae,
464 1054 502 1101 ut
514 1060 582 1101 uno
597 1039 698 1104 verbo
714 1039 831 1102 erroris
846 1038 970 1101 fontem
986 1056 1018 1102 et
1032 1061 1177 1103 caussam

143 1140 355 1221 declararem,
375 1160 432 1206 aut
449 1159 486 1206 ut
504 1142 585 1206 illud
604 1166 818 1231 apponerem,
839 1166 906 1231 quo
924 1144 1020 1207 simili
1039 1145 1178 1207 aliorum

143 1248 245 1312 errori
259 1264 501 1313 occurreretur:
517 1270 592 1312 cum
606 1247 707 1311 modo
721 1270 817 1312 usum
832 1245 989 1336 loquendi
1001 1250 1179 1336 poeticum,

141 1351 242 1415 modo
257 1354 423 1440 poeticum
436 1352 569 1440 aliquod
589 1352 796 1441 phantasma,
817 1352 917 1417 modo
935 1353 1112 1442 mythicam
1134 1378 1181 1418 ra·

140 1459 266 1522 tionem
277 1480 394 1544 parum
408 1474 495 1522 recte
509 1460 615 1521 teneri
628 1457 785 1522 viderem.
801 1458 864 1522 Sed
875 1459 988 1521 monui
999 1459 1068 1522 fere
1078 1459 1180 1522 verbo

142 1578 286 1641 tantum,
304 1562 488 1649 cujusmodi
503 1564 529 1627 si
544 1563 702 1627 nonnulla
717 1564 801 1626 forte
816 1581 1002 1642 occurrent,
1019 1587 1107 1652 quae,
1124 1586 1182 1629 cur

142 1690 161 1730 a
175 1690 227 1731 me
242 1669 389 1755 apposita
403 1669 477 1746 sint,
493 1692 559 1732 non
575 1669 682 1732 statim
697 1669 825 1755 assequi
840 1669 942 1755 possit
956 1668 1060 1732 lector
1070 1668 1182 1756 paullo

142 1773 284 1837 acutior:
299 1790 450 1860 respectu
462 1772 504 1837 ad
519 1772 714 1837 nobiliorem
725 1774 867 1861 aliquem
879 1788 1181 1851 commentatorem,

144 1879 291 1966 quamvis
309 1901 328 1941 a
348 1902 401 1942 me
419 1902 486 1943 non
509 1880 729 1955 nominatum,
754 1877 884 1956 habito,
909 1877 1036 1967 adjecta
1055 1900 1092 1940 ea
1112 1898 1182 1941 esse

143 1984 337 2062 meminerit,
355 2001 399 2062 ut,
414 2008 488 2048 cum
503 1986 563 2047 viri
574 1985 672 2047 etiam
687 1982 775 2046 docti
786 1984 818 2045 in
830 2007 905 2046 cum
916 2005 1062 2046 errorem
1075 1999 1183 2047 essent

143 2088 283 2175 abrepti,
304 2087 510 2167 adolescenS,
527 2089 584 2177 qui
603 2089 636 2151 in
655 2088 793 2151 similem
812 2111 955 2151 errorem
970 2104 1026 2151 aut
1041 2087 1182 2152 difficul-

142 2210 242 2259 tatem
253 2211 310 2257 aut
323 2195 357 2257 in
372 2193 515 2258 eundem
528 2195 740 2280 interpretem
755 2191 915 2271 inciderit,
931 2191 1038 2256 statim
1053 2192 1181 2270 habeat,

142 2320 212 2389 quo
225 2322 302 2365 eum
316 2298 498 2386 redarguat.
516 2302 669 2362 Ceterum
684 2321 755 2361 eam
774 2299 898 2384 legem,
915 2320 987 2386 quae
1002 2298 1182 2384 unicuique

142 2404 314 2491 interpreti
327 2405 495 2491 proposita
510 2424 580 2466 esse
595 2402 708 2480 debet,
724 2420 760 2466 ut
774 2403 870 2480 nihil,
885 2401 975 2491 qaod
990 2403 1063 2467 luce
1073 2402 1181 2490 aliqua

143 2506 306 2595 indigeat,
331 2530 407 2572 cum
430 2507 471 2570 ad
498 2506 726 2571 illustrandum
751 2507 885 2571 difficile
909 2510 967 2585 sit,
993 2508 1123 2570 omittat
1145 2528 1182 2570 ac

142 2628 331 2701 praetereat,
353 2612 436 2675 nihil
456 2629 581 2690 autem,
605 2612 695 2701 quod
717 2614 793 2676 satis
812 2612 892 2677 lucis
913 2635 973 2701 per
994 2635 1028 2676 se
1047 2611 1181 2703 haheat,

143 2718 257 2783 alienis
278 2717 456 2782 luminibus
475 2719 589 2782 affusis
608 2718 750 2782 offuscet
770 2735 802 2781 et
822 2717 992 2795 obscuret,
1012 2740 1183 2806 nunquam

145 2846 184 2887 ex
207 2825 310 2889 oculis
332 2822 457 2903 dimisi,
483 2847 586 2912 eaque
610 2823 768 2888 industria
793 2840 825 2887 et
849 2825 1000 2887 cautione
1022 2844 1076 2885 me
1101 2822 1184 2886 illud

144 2946 357 3018 assequutum
379 2952 448 2992 esse
469 2952 580 3017 spero,
603 2947 655 3009 ut,
680 2931 795 2993 sinon
819 2950 925 2991 raram
949 2927 1133 2992 doctrinam
1151 2936 1184 2992 et'

144 3036 318 3124 exquisitas
332 3034 456 3124 ubique
471 3034 713 3099 observationes
728 3035 901 3112 attulerim,
917 3051 949 3097 at
963 3034 1058 3097 utiles
1072 3049 1183 3097 tamen

145 3141 396 3204 commentarios
418 3142 451 3203 in
472 3157 643 3228 poetarum
662 3141 845 3228 principem
869 3138 1057 3204 condidisse
1077 3138 1184 3202 videri

145 3243 297 3323 debeam,
320 3247 353 3308 in
375 3246 494 3334 quibus
509 3271 546 3310 ea
564 3247 732 3334 proposita
750 3246 832 3323 sint,
856 3244 975 3333 quibus
996 3244 1065 3333 ejus
1085 3244 1185 3308 lectio

145 3351 305 3440 adjuvari,
322 3351 560 3431 commendari,
578 3370 623 3431 et,
640 3353 667 3415 si
682 3369 749 3414 non
764 3352 854 3414 omni
868 3349 1016 3413 molestia
1031 3348 1182 3426 liberata,

144 3474 176 3520 at
194 3479 270 3521 cum
291 3456 457 3544 voluptate
477 3473 585 3521 tamen
607 3458 715 3544 aliqua
736 3455 926 3544 conjuncta,
948 3452 1053 3516 videri
1071 3454 1182 3539 possit.

145 3562 260 3651 ltaque
280 3585 341 3626 nec
361 3562 542 3627 doctrinam
561 3579 667 3649 poetae
686 3564 730 3646 (t)
751 3562 912 3625 illustrare
931 3559 1076 3645 neglexi,
1093 3574 1142 3637 et,
1157 3558 1184 3621 si

179 3769 218 3840 (ι)
237 3771 376 3821 Profitetur
386 3790 443 3822 eam
455 3784 533 3841 poeta
546 3772 640 3840 ipsein
694 3776 769 3835 tiara,
783 3776 820 3822 ad
833 3773 861 3820 id
872 3788 944 3834 opus,
957 3766 1095 3818 AEneidem
1110 3780 1183 3835 puta:

145 3849 263 3916 lipiatola
282 3850 314 3900 ad
333 3852 479 3920 Augustum
494 3853 639 3914 Caesarctn3
694 3856 752 3903 llzcc
765 3866 828 3903 sunt
838 3871 867 3902 ca
883 3868 941 3920 quae
951 3848 986 3899 ad
999 3848 1185 3917 antiquitatem

145 3929 181 3978 ait
198 3933 284 3979 enim:
303 3951 328 3979 se
341 3934 456 3995 impertiri
469 3930 510 3997 (h.
526 3950 547 3980 e.
564 3930 639 3981 adhi-
692 3932 847 4004 mythicam,
865 3930 986 4000 inprimis
1000 3926 1095 3991 ltaliae,
1114 3939 1140 3976 ct
1151 3924 1190 3983 ath

145 4006 224 4073 licre)
236 4012 287 4057 aliu
297 4029 393 4074 quoque
401 4012 494 4073 studia,
506 4028 580 4073 quam
591 4029 638 4058 ηιι-
692 4014 865 4084 Tragicosum
875 4010 1015 4063 lectionem
1026 4017 1158 4078 spectant.

146 4106 263 4138 irteromm
281 4102 304 4139 et
316 4092 444 4157 poetices„
454 4092 575 4157 ruttltoque
592 4110 640 4156 po-
