2670 4824
234 389 270 432 to
540 364 604 431 EX
628 362 957 433 PRAEFATIONE

228 502 299 551 tum
322 502 355 552 et
379 488 512 551 minutis
538 486 639 552 modo
658 490 827 554 sententiis
853 489 955 555 modo
978 488 1086 555 verbis
1109 493 1271 557 aestimare

228 589 373 678 poetam,
391 608 423 657 et
437 614 522 681 saepe
537 592 571 656 id
585 592 668 657 adeo
683 593 724 657 ad
739 594 872 659 alterius
890 611 1017 659 tantum
1032 613 1149 659 nutum
1164 612 1197 660 et
1210 621 1270 661 na-

228 719 301 760 sum
327 698 450 776 facere,
480 698 653 779 discimus;
678 722 744 787 qno
764 701 840 793 ipso·
856 701 1094 787 voluptatis'ex
1116 702 1271 780 carminis

228 800 403 866 dulcedine
426 801 594 890 capiendae
620 827 737 891 magua
756 827 832 892 pars
852 805 1071 893 intercipitur,
1092 827 1179 895 quae,
1199 806 1270 894 jam

227 929 288 994 per
301 909 404 995 ipsam
420 932 458 972 ex
472 908 691 973 retardatione
706 909 903 990 molestiam,
923 933 990 974 non
1009 908 1188 975 admodum
1207 912 1269 974 im·

227 1013 331 1110 minui
346 1036 413 1076 non
428 1030 565 1101 poterat.
580 1015 666 1079 Huic
680 1031 789 1078 tamen
804 1015 890 1079 malo
898 1014 1029 1080 medela
1042 1033 1152 1103 parata
1167 1032 1215 1080 est
1229 1039 1277 1102 exn

227 1119 365 1204 repetita
384 1119 536 1191 lectione.
559 1120 737 1184 Enimvero
755 1144 816 1185 nec
834 1121 978 1185 minores
994 1119 1202 1186 difficultates
1217 1123 1270 1210 ip·

227 1243 300 1285 sum
328 1241 483 1311 premunt
495 1225 734 1319 *interpretem
765 1227 914 1315 Namque
942 1225 1012 1314 ejus
1041 1243 1073 1290 et
1098 1227 1269 1314 ingenium

226 1350 336 1391 rerum
361 1330 561 1393 minutarum
584 1328 711 1392 infinita
730 1330 825 1415 copia
848 1353 886 1394 ac
909 1329 1087 1394 subtilitate
1108 1329 1268 1411 obtundi,

227 1433 431 1522 obscuraque
453 1456 553 1521 opem
572 1432 755 1513 obscurari,
779 1451 829 1513 et,
853 1432 985 1498 durnin
1007 1435 1146 1499 aliorum
1169 1457 1270 1499 sensu

225 1537 376 1603 acuendo
391 1536 543 1617 desudat,
559 1538 731 1626 proprium
744 1531 878 1603 sensum
891 1539 987 1604 obrui
1002 1556 1035 1603 et
1048 1538 1196 1603 hebetari
1210 1563 1269 1609 ne·

226 1666 315 1719 cesse
335 1659 393 1706 est.
414 1645 479 1722 lta,
500 1640 580 1705 dum
594 1642 744 1732 undique
758 1661 791 1708 et
808 1642 850 1707 ad
869 1645 995 1732 singula
1009 1643 1124 1723 verba,
1147 1643 1269 1732 quibus

224 1749 334 1837 aliqua
348 1746 537 1826 difficultas,
558 1747 600 1812 ad
616 1749 756 1814 aliorum
775 1746 912 1837 quidem
929 1749 1193 1837 intelligentiam,
1209 1748 1270 1814 ad·

225 1853 406 1917 haerescere
425 1854 510 1918 forte
531 1855 650 1941 possit,
671 1854 861 1920 circumfert
886 1869 918 1918 et
936 1852 1078 1918 intendit
1102 1855 1267 1933 animum,

225 1959 329 2022 multa
338 1957 504 2022 interdum
517 1981 689 2024 occurrere
701 1959 809 2024 solent
822 1960 931 2024 minus
943 1982 1019 2024 cum
1032 1983 1067 2023 re
1077 1959 1269 2048 conjuncta;

227 2079 259 2156 et
278 2062 426 2128 excidere
441 2087 680 2153 nonnunquam
699 2063 748 2149 id,
771 2064 861 2153 quod
880 2063 922 2128 ad
940 2065 1033 2128 illum
1050 2065 1161 2130 locum
1178 2086 1270 2154 quae·

226 2167 377 2247 rebatur..
386 2171 469 2233 Cum
483 2171 582 2235 etiam
594 2170 699 2235 multa
711 2171 790 2250 sint,
806 2190 879 2258 quoe
892 2170 1005 2234 sentiri
1019 2169 1154 2259 quidem
1173 2170 1270 2235 facile

224 2275 368 2362 possint,
384 2275 443 2341 sed
458 2298 531 2365 quae
544 2299 707 2364 exponere
720 2274 901 2340 admodum
916 2274 1050 2340 difficile
1065 2276 1122 2354 sit,
1137 2274 1270 2341 dnmin

226 2380 460 2457 iiscommode
486 2379 685 2469 explicandis
706 2398 739 2445 et
763 2380 963 2444 illustrandis
990 2379 1115 2445 defixus
1139 2381 1269 2443 animus

228 2485 378 2569 esgt„lieri
392 2485 489 2565 solet,
506 2502 542 2549 ut
556 2487 678 2550 sensim
692 2487 880 2574 sensimque
891 2484 934 2549 ad
948 2485 1025 2550 alias
1040 2508 1150 2548 rerum
1164 2485 1271 2549 notio-

227 2613 287 2661 nes
303 2608 335 2656 et
349 2591 506 2679 imagines
523 2589 697 2670 delabaris,
714 2609 747 2656 et
760 2590 894 2656 tandem
908 2590 1157 2678 explicationem
1172 2605 1205 2653 et
1219 2589 1271 2652 in·

226 2682 496 2784 terpretationem
510 2695 697 2786 subjungas,
712 2720 820 2785 quarn,
834 2696 861 2760 si
875 2697 909 2760 in
923 2696 988 2760 alio
1001 2692 1270 2783 deprehenderis,

227 2800 398 2890 quomodo
413 2803 443 2866 ei
461 2804 495 2866 in
509 2820 655 2868 mentem
669 2804 812 2882 venerit,
832 2802 962 2890 assequi
981 2802 1033 2864 vix
1050 2800 1165 2888 possis.
1188 2801 1272 2882 Quae

228 2909 339 2972 omnia
356 2931 423 2973 non
446 2907 547 2973 modo
570 2926 715 2974 nostram
736 2907 795 2974 sed
818 2929 1028 2973 communem
1053 2907 1272 2993 interpretum

228 3012 452 3079 conditionem
467 3014 584 3079 duram
598 3015 674 3079 satis
687 3032 719 3079 et
733 3015 879 3103 iniquam
895 3035 965 3077 esse
981 3011 1114 3090 docent,
1130 3011 1174 3074 ita
1185 3027 1224 3084 ut
1238 3011 1273 3074 in

229 3141 269 3183 eo
284 3136 403 3206 genere
418 3122 572 3208 perlectae
590 3119 715 3209 aliquid
735 3137 768 3184 et
786 3118 944 3184 absolutae
960 3139 1070 3204 operae
1087 3117 1140 3182 vix
1154 3139 1282 3204 expec·

228 3224 289 3293 tari
303 3227 415 3313 possit.

210 3340 212 3345 ⁴
240 3391 244 3398 ,
271 3331 355 3395 Mihi
369 3354 448 3398 vero
467 3333 501 3397 in
515 3334 652 3421 Virgilio
666 3333 835 3422 perpetuis
850 3331 1093 3397 commentariis
1107 3328 1275 3392 illustran-

228 3435 272 3501 do
286 3440 374 3520 (nam
388 3440 549 3504 variantes
563 3440 721 3505 lectiones
736 3459 926 3524 congerere,
940 3452 997 3499 aut
1011 3435 1140 3499 notulas
1150 3434 1275 3520 passim

227 3542 440 3631 adspergere,
462 3562 519 3609 ant
538 3562 705 3631 excerptas
720 3542 964 3607 observationes
980 3563 1019 3605 ex
1037 3537 1276 3604 schedis-colli·

227 3672 305 3735 gere
327 3666 360 3712 et
380 3650 596 3726 transcribere
618 3671 686 3713 non
705 3663 832 3711 tantum
847 3645 1049 3713 difficultatis
1070 3642 1274 3727 habuisset),

227 3753 286 3819 sed
301 3755 335 3819 in
349 3755 486 3842 Virgilio
501 3755 670 3842 perpetuis
685 3752 928 3818 commentariis
943 3747 1138 3819 illustrando
1159 3764 1191 3811 et
1202 3770 1276 3819 ma·

222 3860 313 3948 jures
328 3876 361 3923 et
379 3861 490 3945 plures
509 3859 667 3923 molestiae
682 3858 922 3947 objiciebantur
938 3880 977 3920 ex
998 3855 1208 3942 superiorum
1224 3853 1275 3915 in·

227 3981 409 4050 terpretum
435 3965 530 4052 copia
555 3981 587 4028 et
612 3964 792 4029 multorum
820 3986 959 4051 operosa
985 3958 1274 4027 commentatione.

231 4071 312 4147 Nam
327 4068 360 4133 iu
374 4087 472 4158 poeta
487 4070 652 4152 versabar,
667 4095 687 4136 a
701 4086 750 4139 tot
763 4069 998 4158 interpretibus
1017 4082 1156 4145 tentato,
1176 4080 1228 4145 ut,
1248 4064 1276 4129 si
