2670 4824
135 347 176 413 26
440 342 504 411 EX
527 340 866 412 PRAEFATIONE

134 486 207 534 sent
224 467 381 546 editoreS,
400 469 460 532 etsi
474 470 707 541 accessitforte
723 470 818 533 bonae
835 470 937 558 frugis
951 446 1177 560 aliquantum,

134 577 291 639 effectum
313 592 420 638 tamen
440 591 502 653 est,
524 585 561 638 ut
581 576 625 654 ei,
648 574 739 664 quod
760 576 794 637 in
813 598 897 639 nova
920 574 1080 656 editione,
1103 601 1180 666 quae

133 682 437 768 interpretationem
456 697 512 744 aut
532 681 844 769 commentationem
864 680 897 742 in
917 681 1025 745 fronte
1040 683 1177 768 promit·

131 804 235 864 teret,
261 785 499 875 expectandum
525 803 557 849 et
583 784 765 875 optandum
789 801 878 862 erat,
908 779 1108 850 satislaetum
1137 788 1179 851 sit

131 914 249 979 parum
263 908 320 955 aut
333 891 429 970 nihil,
446 892 506 955 etsi
522 915 597 956 eum
608 905 771 955 emtorum
786 891 934 977 impensa
947 889 1035 954 haud
1046 890 1178 962 modica

133 997 167 1059 in
182 995 303 1060 librum
317 995 491 1085 eroganda.
507 996 651 1061 Omnino
668 1019 707 1061 eu
727 994 791 1061 fuit
809 996 1015 1084 frequentata
1033 997 1117 1061 ratio
1135 997 1177 1061 ab

134 1101 314 1166 editoribus
333 1103 541 1190 superiorum
562 1119 749 1188 temporum
766 1118 894 1164 tantum
913 1123 980 1164 non
1002 1101 1175 1181 omnibus3

133 1207 160 1270 si
181 1207 363 1271 Gesnerum
383 1206 481 1283 forte,
502 1206 608 1271 multo
627 1206 729 1295 magis
747 1207 934 1268 Ernestium
958 1207 1116 1293 excipias,
1140 1223 1176 1277 ut

132 1328 188 1375 aut
200 1312 344 1376 criticam
354 1310 577 1389 subtilitatem,
591 1311 625 1374 in
635 1311 744 1374 verbis
757 1311 889 1390 scilicet,
903 1334 945 1374 ne
960 1312 993 1374 in
1006 1314 1176 1377 sententiis

46 1477 49 1482 .
133 1415 282 1506 quidem,
296 1417 398 1480 solam
411 1414 544 1502 dignam
557 1431 712 1502 putarent
725 1415 796 1479 viro
812 1414 926 1493 docto,
942 1431 998 1479 aut
1012 1415 1098 1479 notis
1113 1418 1175 1480 Va·

130 1523 256 1585 riorum
271 1522 305 1583 in
319 1543 423 1583 unum
435 1520 587 1598 cinnum,
605 1542 664 1584 seu
683 1521 717 1582 in
731 1535 889 1597 saturam,
908 1517 1074 1608 conjectis,
1099 1543 1177 1607 pan-

131 1648 292 1689 norumve
317 1647 409 1688 more
430 1625 516 1688 inter
538 1647 573 1689 se
598 1625 758 1701 consutis,
789 1624 833 1688 ita
856 1624 1120 1712 interpretationi
1143 1648 1176 1690 se

129 1731 335 1794 consuluisse
347 1729 534 1808 crederent,
549 1747 606 1794 aut
617 1747 654 1794 ut
664 1728 815 1808 subinde,
830 1728 887 1793 nbi
899 1747 1087 1795 occurreret
1101 1753 1179 1796 oeu-

131 1836 171 1900 lis
192 1858 255 1899 vox
275 1857 347 1899 rara
365 1852 398 1899 et
417 1837 592 1925 exquisita,
616 1837 799 1900 formulare
818 1834 977 1924 loquendi
996 1835 1127 1901 doctior
1144 1838 1177 1901 in

130 1940 216 2006 hanc
230 1942 412 2005 involarent
431 1959 463 2006 et
480 1943 706 2029 exemplorum
724 1943 897 2029 congerie,
920 1941 1087 2005 interdum
1107 1965 1176 2007 sex·

129 2046 233 2110 centis
244 2045 313 2135 jam
327 2047 361 2111 in
372 2047 452 2111 loeis
465 2047 646 2127 cumulate,
660 2064 818 2137 tanquam
832 2049 987 2110 Caeneum
1002 2048 1036 2110 in
1051 2047 1176 2129 fabula,

127 2151 326 2216 obruerent:
350 2152 518 2217 interdum
538 2176 673 2241 prorsus
693 2155 814 2230 securi,
841 2174 914 2241 quae
935 2151 1069 2215 tandem
1086 2153 1179 2217 verbi

130 2258 179 2321 vis
199 2259 232 2321 in
254 2281 294 2322 eo
312 2258 387 2322 loco
407 2275 508 2337 esset,
528 2258 570 2322 ad
590 2282 689 2346 quem
711 2246 781 2321 haee
802 2258 911 2320 omnia
928 2257 1178 2321 convertebant.

130 2364 268 2426 Memini
282 2365 392 2451 itaque
407 2387 460 2426 me
475 2361 616 2427 subinde
631 2363 665 2425 in
684 2362 826 2427 lectione
841 2378 990 2425 veterum
1006 2378 1179 2425 auctorum
1204 2395 1207 2399 ·

129 2468 354 2555 indignatione
368 2467 618 2546 exoandeseere,
635 2491 710 2532 cum
726 2468 760 2530 in
774 2467 871 2546 loeis,
892 2466 1062 2555 inquibus
1078 2464 1179 2529 haere·

128 2573 220 2652 bam,
236 2573 319 2636 nibil
332 2573 457 2652 auxilii,
474 2595 515 2636 ne
530 2574 656 2637 monito
672 2571 822 2663 quidem,
842 2572 953 2637 locum
972 2593 1043 2635 esse
1060 2569 1178 2635 diffiei-

127 2680 209 2757 lem,
225 2677 422 2767 impeditum
440 2696 496 2743 aut
515 2696 724 2767 corruptum,
745 2695 859 2743 contra
873 2700 952 2741 vero
970 2677 1032 2740 alia
1047 2677 1176 2754 omnia,

124 2807 203 2874 quae
215 2808 314 2849 nemo
329 2784 546 2864 desideraret,
561 2785 711 2874 apposita
723 2784 881 2869 viderem.
899 2778 1052 2869 Inprimis
1067 2799 1179 2845 autem

126 2892 275 2959 animum
295 2910 480 2981 pupugerat
501 2916 539 2957 ea
558 2893 730 2979 cogitatio,
754 2889 845 2978 quod
866 2887 1040 2975 Virgilium
1061 2911 1178 2952 noram

128 3020 200 3096 esse
213 2997 249 3061 in
263 2999 376 3088 paucis
391 3000 454 3064 illis
468 2997 697 3085 scriptoribus,
715 3018 798 3085 quos
813 2996 848 3059 in
863 2993 983 3059 scholis
998 2994 1176 3081 praelegere

130 3119 162 3166 et
176 3104 383 3193 interpretari
395 3106 503 3168 solent
517 3103 679 3191 magistri,
703 3123 846 3190 eumque
868 3101 938 3162 fere
957 3099 1100 3187 proponi
1119 3100 1175 3178 iis,

127 3213 186 3302 qui
209 3215 376 3302 profectus
394 3212 462 3302 jam
483 3212 610 3300 aliquos
633 3213 668 3275 in
686 3211 788 3274 literis
812 3209 965 3286 fecerint,
986 3225 1019 3271 et
1042 3230 1120 3270 mox
1142 3209 1174 3272 iu

125 3318 309 3383 academias
322 3319 387 3382 sint
397 3316 529 3381 abituri.
551 3315 697 3380 Videbar
710 3314 810 3402 igitur
825 3335 933 3401 operae
947 3313 1092 3400 pretium
1110 3313 1175 3376 fac·

127 3442 221 3489 turus
234 3445 319 3502 esse,
335 3423 362 3486 si
377 3439 409 3486 et
422 3423 584 3511 magistris
599 3440 631 3486 et
648 3420 920 3498 adolescentulis,
941 3418 1056 3482 saltem
1075 3441 1175 3505 gene·

57 3597 60 3602 ,
122 3529 261 3594 τοείονίε
287 3527 427 3608 indolis,
455 3529 584 3594 tradere
612 3549 744 3616 possem
770 3528 804 3589 in
832 3544 960 3589 manus·
975 3541 1108 3613 poetam
1132 3523 1175 3587 ita

125 3636 337 3714 adornatum,
355 3651 392 3698 ut
409 3652 441 3698 et
460 3633 697 3723 interpretandi
714 3634 875 3698 rationem
891 3648 1062 3719 artemque
1080 3630 1174 3695 lucu·

124 3743 317 3820 lentiorem,
335 3764 433 3830 quam
447 3765 511 3831 qua
525 3741 625 3828 vulgo
641 3741 689 3804 uti
701 3740 824 3817 solent,
841 3738 918 3802 inde
934 3734 1118 3803 discerent.
1142 3752 1175 3799 et

126 3862 318 3934 apparatum
336 3847 485 3912 criticum
499 3845 659 3910 haberent
677 3845 945 3933 locupletiorem,
966 3841 1057 3904 unde
1073 3842 1175 3904 varie-

126 3953 201 4016 tatis
224 3975 261 4016 ac
286 3953 631 4040 corruptelae·varium
656 3948 970 4030 morem,'medelae
993 3946 1173 4010 afferendae

129 4057 349 4144 sagacitatem,
365 4080 403 4123 ac
417 4059 538 4123 criseos
555 4056 713 4124 faciendae
728 4073 859 4146 gustum
875 4054 1043 4145 aliquem,
1055 4075 1174 4142 capere
