2670 4824
216 361 353 430 rout
375 360 438 427 111
461 356 731 426 untrrours
754 358 935 425 antara.
1056 380 1095 449 η

52 511 89 555 ac
112 509 232 576 parare
257 486 319 551 sibi
341 502 485 576 possent.
514 486 583 550 Etsi
606 484 694 548 enim
718 482 879 549 editiones
901 483 1097 548 haberemus

54 594 183 682 Virgilii
199 593 318 656 multas
334 609 367 656 et
380 592 564 680 praeclarae,
581 590 703 654 nullam
712 596 826 654 'tamen
841 590 1096 667 videbam-esse,

56 722 129 789 quae
143 699 201 763 tali
216 698 354 763 consilio
369 699 444 762 satis
459 695 684 785 responderet.
700 698 782 761 Nam
802 697 978 760 Burmanni
997 696 1099 760 editio

55 806 183 871 criticas
198 804 343 869 rationes
356 804 563 892 potissimum
578 803 743 891 sequitur3
762 826 823 867 nec
837 802 977 891 ubique3
994 801 1036 866 ad
1051 803 1098 866 in-

56 909 328 998 terpretationem
341 925 451 972 autem
465 931 582 998 parum
597 907 740 996 praesidii
757 907 866 972 habet.
886 907 990 972 Cerda
1004 932 1099 987 vero,

56 1032 144 1079 totus
158 1015 422 1101 interpretationi
436 1012 601 1093 addictus,
617 1013 824 1078 doctissimus
836 1013 951 1094 bomo,
966 1015 1098 1104 partim,

56 1143 118 1208 pro
139 1120 252 1183 saeculi
272 1120 323 1183 sui
346 1142 452 1200 more,
478 1120 606 1207 copiam
627 1119 771 1184 effundit
794 1120 958 1198 inutilem,
982 1122 1100 1208 partim

52 1225 181 1315 judicio
193 1225 298 1288 utitur
308 1247 424 1312 parum
440 1225 551 1290 subtili
570 1241 603 1289 et
618 1226 796 1312 explorato.
818 1228 856 1288 In
875 1228 976 1289 Ruaeo
992 1249 1029 1290 ac
1044 1228 1102 1290 Ca·

58 1346 157 1407 troeo,
180 1350 248 1392 non
267 1327 409 1394 indoctis
429 1328 677 1418 interpretibus,
698 1330 801 1393 altero
815 1331 913 1394 etiam
931 1331 1101 1417 ingenioso

58 1431 204 1512 homine,
221 1433 281 1497 etsi
296 1434 407 1520 paullo
415 1433 619 1522 jactantiore,
632 1456 730 1522 quam
741 1451 778 1497 ut
791 1457 887 1524 aequo
900 1425 1011 1499 animo
1024 1437 1101 1499 ferri

59 1539 177 1626 possit,
198 1537 356 1602 doctrinae
376 1538 589 1602 subtilitatem
609 1539 703 1603 facile
723 1538 911 1619 desideres3
934 1556 969 1603 ut
989 1557 1102 1605 contra

58 1645 92 1709 in
107 1643 270 1732 Trappio,
286 1642 344 1733 qui
358 1644 459 1708 multa
472 1646 564 1708 utilia
579 1660 612 1709 et
630 1643 671 1708 ab
689 1644 760 1708 aliis
774 1643 864 1708 baud
878 1645 1101 1710 animadversa

59 1748 172 1827 affert,
189 1763 223 1812 et
234 1747 351 1838 judicii
365 1772 504 1813 acumen
521 1766 555 1812 et
572 1770 652 1814 vero
671 1750 770 1813 etiam
789 1750 958 1837 ingenium
974 1751 1101 1837 poetica

61 1854 221 1943 elegantia
234 1856 383 1942 politum.
407 1854 604 1945 Gonjunctas
618 1872 728 1919 autem
743 1872 775 1919 et
790 1855 894 1919 doctae
913 1856 1105 1944 interpreta-

61 1963 158 2026 tionis
181 1978 215 2026 et
234 1961 356 2026 criseos
376 1978 535 2027 accuratae
557 1984 595 2025 ac
621 1960 786 2048 diligentis
811 1978 935 2049 partes,
960 1977 997 2024 ut
1019 1979 1104 2026 esset

62 2067 250 2154 exemplum
273 2067 308 2130 in
332 2069 470 2130 Marone
496 2067 722 2154 propositum,
749 2088 817 2154 quo
838 2082 1023 2146 uterentur,
1047 2068 1105 2156 qui

61 2169 118 2236 bas
134 2172 246 2236 literas
261 2172 372 2261 paullo
389 2171 549 2235 eruditius
566 2188 703 2235 tractare
720 2172 858 2249 vellent,
878 2192 1042 2259 nusquam
1059 2173 1105 2234 vi-

61 2274 191 2340 deham.

83 2361 86 2371 ¹
103 2385 278 2464 Quaecum
290 2383 400 2446 animo
412 2384 589 2462 volverem,
603 2381 711 2446 statim
724 2380 765 2444 ab
781 2380 874 2444 initio
889 2377 1030 2443 fundum
1038 2379 1105 2470 jeci

60 2488 338 2576 interpretationis
352 2510 434 2553 meae
453 2489 559 2552 multo
577 2488 786 2577 ampliorem,
810 2509 909 2574 quam
928 2508 990 2573 pro
1008 2507 1049 2549 eo
1069 2485 1104 2549 in

61 2593 150 2681 quod
163 2610 365 2658 conventum
380 2610 458 2657 erat.
475 2591 581 2682 ldque
598 2594 708 2681 potius
725 2592 867 2680 respexi,
885 2590 965 2681 quid
980 2612 1034 2654 me
1047 2588 1106 2654 de·

61 2714 168 2778 teret,
195 2720 295 2787 quam
316 2696 397 2787 quid
421 2720 440 2761 a
459 2721 512 2761 me
536 2699 766 2786 postularetur.
790 2699 858 2761 Nec
879 2718 932 2760 me
952 2697 1108 2784 poenituit

61 2820 181 2888 operte.
201 2803 362 2890 Expertus
377 2802 466 2866 enim
481 2823 554 2868 sum
569 2804 715 2867 favorem
731 2802 886 2866 eximium
901 2824 939 2866 ac
959 2801 1106 2866 studium

61 2909 208 2972 virorum
220 2908 394 2975 doctorum
410 2909 590 2997 singulare,
608 2912 706 2975 etiam
725 2912 758 2974 in
778 2907 1004 2975 condonandis
1020 2932 1109 2973 erro·

62 3015 167 3095 ribus,
184 3037 282 3104 quos,
296 3017 447 3105 inprimis
462 3017 496 3080 in
510 3017 620 3105 priore
634 3017 826 3095 Volumine,
846 3039 922 3081 cum
941 3016 1107 3080 festinatio

62 3135 132 3184 tum
149 3119 356 3186 imbecillitas
371 3121 514 3186 humana
529 3119 650 3185 effudit
668 3122 798 3209 plures:
820 3144 961 3210 quorum
980 3120 1107 3185 indicu-

62 3223 128 3289 lum
148 3223 361 3315 subjicerem,
383 3227 447 3290 nisi
465 3248 539 3314 spes
557 3243 656 3305 esset,
679 3227 750 3291 fore
766 3244 802 3291 ut
816 3227 928 3315 paullo
948 3242 1023 3313 post
1042 3225 1108 3292 boc

64 3330 170 3419 ipsum
185 3332 342 3395 volumen
357 3331 543 3397 recudatur.

104 3437 187 3517 Quae
202 3437 237 3499 in
252 3437 521 3525 interpretatione
538 3459 612 3501 mea
627 3437 836 3526 potissimum
850 3437 1040 3525 spectarim,
1059 3456 1109 3499 sa·

64 3541 111 3620 tis,
124 3558 218 3629 puto,
235 3544 420 3630 expositum
434 3566 517 3608 ame
531 3560 580 3607 est
594 3543 628 3606 in
642 3542 889 3631 praefationibus
899 3542 1108 3629 superiorum

65 3648 280 3711 voluminum.
293 3651 410 3739 Neque
425 3648 501 3713 ideo
515 3666 666 3738 repetere
680 3671 814 3714 necesse
828 3664 890 3725 est,
911 3668 966 3710 me
981 3662 1013 3709 et
1027 3644 1110 3711 doc-

65 3753 181 3817 trinam
203 3755 332 3842 Virgilii
355 3773 388 3820 et
413 3756 570 3820 orationis
593 3755 730 3843 poeticae
749 3754 896 3817 indolem
918 3774 956 3816 ac
978 3772 1108 3817 caussas

66 3859 212 3946 inprimis
222 3860 394 3924 enucleare
404 3860 557 3925 voluisse.
568 3858 666 3941 Quod
678 3859 705 3923 si
716 3858 953 3946 reprehensum
963 3856 997 3919 in
1007 3878 1111 3944 opera

10 4002 12 4013 ·
67 3983 136 4028 mea
156 3965 238 4044 fuit,
261 3967 368 4031 mein
389 3967 559 4031 nonnullis
579 3965 660 4030 locis
683 3965 794 4029 tenuia
817 3986 888 4028 esse
912 3978 1106 4051 sequutum,

68 4087 170 4155 potest
183 4071 249 4137 hoc
263 4074 348 4138 forte
362 4074 535 4163 aliquoties
548 4074 670 4139 factum
685 4094 756 4138 esse
769 4094 887 4163 parurn
905 4088 1107 4161 opportune,
