2670 4824
62 442 65 447 ,
147 373 193 456 'tt
536 365 803 433 rnnrarro

149 495 265 559 direm.
289 492 389 581 Atqui
410 490 514 580 major
530 489 629 579 hujus
646 511 733 554 curse
754 510 829 576 pars
847 487 888 553 ad
905 487 1012 554 solum
1028 488 1190 558 editorem

148 615 287 688 spectat,
301 596 342 662 ad
354 597 529 662 lectionem
541 611 574 659 et
584 595 887 682 interpretationem
897 618 1014 682 parum
1024 615 1082 661 aut
1091 598 1187 678 nihil,

148 725 211 768 nee
231 702 293 767 uisi
314 702 349 764 in
366 701 446 766 locis
465 698 588 777 dubiis,
608 698 755 764 obscuris
773 716 805 762 et
824 701 996 788 corruptis.
1013 703 1139 767 Verum
1157 719 1190 766 et

149 806 220 894 ipse
235 805 342 870 editor
353 827 392 868 ex
404 804 495 868 omni
508 804 563 867 illa
579 803 739 890 farragine
753 825 917 891 perpauca
929 805 1044 870 tollere
1062 823 1189 894 potest;

150 934 308 1002 quorsum
324 911 413 974 enim
427 920 490 997 pro
507 908 648 977 lectione
667 909 811 973 variante
828 909 987 974 sollennia
1006 909 1098 974 etad
1116 933 1188 976 sen·

150 1039 223 1082 sum
238 1017 337 1082 obvia·
346 1017 424 1080 vitia
434 1015 652 1093 librariorum,
666 1036 792 1078 errores
803 1030 836 1078 et
850 1031 1000 1103 stupores
1013 1013 1188 1094 manifesti,

149 1123 327 1189 sexcenties
340 1120 583 1186 obtruduntur?
600 1116 749 1209 inprimis
763 1119 821 1184 ubi
835 1119 953 1185 melior
961 1121 1031 1210 jam
1044 1121 1144 1186 lectio
1155 1121 1189 1186 in

148 1225 245 1293 bonis
266 1225 465 1291 editionibus
485 1225 610 1314 ubique
630 1224 761 1311 vulgata
782 1240 839 1288 est.
862 1224 1046 1289 Subtilitate
1064 1225 1188 1315 majore

149 1332 183 1396 in
193 1330 405 1419 scriptoribus
417 1352 533 1419 pamm
546 1329 716 1418 perpolitis
726 1345 783 1393 aut
796 1329 831 1392 in
840 1329 920 1393 locis
930 1331 1093 1418 corruptis
1106 1351 1189 1418 opus

42 1472 47 1482 =
149 1454 207 1501 est.
221 1438 278 1501 Est
287 1436 349 1500 alia
357 1435 505 1514 varietas,
520 1457 594 1524 quae
608 1456 670 1500 nec
685 1434 718 1496 in
731 1434 900 1499 sententiae
912 1457 973 1499 nec
988 1436 1020 1498 in
1032 1436 1189 1500 orationis

147 1541 448 1629 nitorequicquam
461 1555 583 1619 mutat;
599 1554 636 1602 ut
653 1560 769 1627 parum
785 1554 841 1602 aut
855 1537 937 1607 nihil
956 1539 1094 1619 referat,
1114 1556 1188 1604 utro

147 1646 249 1710 modo
261 1646 359 1732 legas.
376 1644 441 1709 Ubi
455 1645 631 1710 lectionem
642 1660 807 1730 receptam
823 1660 855 1708 et
867 1645 971 1732 ipsam
982 1642 1105 1708 bonam
1118 1666 1188 1710 esse

147 1748 275 1829 videas,
290 1772 350 1815 eur
362 1771 435 1815 eam
451 1765 559 1813 mutes
576 1772 680 1837 eaque
698 1749 879 1812 mutatione
888 1748 1056 1839 ⁸majorem
1071 1751 1190 1814 moles·

147 1855 225 1919 tiam
242 1855 377 1933 inferas,
391 1877 490 1943 quam
504 1854 766 1919 utilitatemllist
783 1855 861 1934 alia,
881 1854 938 1918 ubi
959 1856 993 1918 in
1014 1872 1188 1946 utramque

147 1974 274 2047 partem
286 1961 427 2024 rationes
441 1975 579 2047 possunt
597 1959 772 2022 memorari
790 1957 936 2023 idoneae:
950 1982 1016 2049 quo
1031 1959 1109 2049 jure
1119 1961 1189 2026 vul·

147 2079 254 2151 getam
273 2062 417 2144 deseras,
436 2065 571 2129 alteram
591 2064 817 2153 amplectaris?
838 2065 920 2128 Sunt
940 2065 1132 2146 innumera,
1154 2067 1188 2130 in

147 2168 268 2258 quibus
278 2192 355 2235 vera
367 2170 534 2259 scriptoris
548 2170 646 2249 ratio,
664 2191 756 2234 mens
769 2185 802 2232 et
818 2191 910 2248 usus,
928 2193 1013 2248 uon,
1033 2171 1096 2235 nisi
1115 2172 1187 2259 ipso

145 2293 279 2342 auctore
291 2278 534 2366 pronuntiante,
547 2293 697 2342 constare
711 2293 837 2365 potest:
853 2277 917 2340 nisi
929 2299 1005 2340 eum
1019 2299 1060 2340 ex
1073 2277 1187 2343 inferis

145 2399 318 2447 evocatum
338 2381 452 2446 audire
471 2383 600 2448 licuerit
615 2381 657 2446 de
676 2404 711 2446 se
729 2378 1014 2469 pronuntiantem,
1035 2382 1110 2470 quis
1128 2381 1188 2445 tibi

140 2486 196 2576 jus
210 2488 245 2550 in
259 2510 336 2551 eum
348 2487 453 2567 dedit,
467 2504 504 2551 ut
515 2503 552 2551 tu
567 2511 628 2575 pro
646 2510 688 2551 eo
704 2488 1013 2576 pronuntiesiQuin
1027 2487 1187 2576 relinquis

144 2588 196 2668 id,
216 2590 307 2680 quod
326 2593 428 2656 semel
448 2592 615 2656 volumina
634 2594 805 2680 occupavit
824 2610 857 2657 et
875 2593 928 2657 cui
949 2593 1050 2680 longo
1071 2615 1134 2656 usu
1154 2609 1188 2658 et

143 2695 285 2762 lectione
296 2699 519 2764 assuevimus?
536 2698 680 2763 Omnino
701 2699 836 2763 minutis
852 2697 904 2762 his
925 2713 959 2762 et
977 2697 1132 2777 exilibus,
1152 2699 1186 2761 in

144 2804 264 2892 quibus
276 2805 381 2896 major
393 2806 511 2870 harum
522 2828 633 2869 rerum
644 2829 719 2894 pars
731 2822 888 2884 versatur,
901 2805 1004 2869 animi
1016 2821 1049 2868 et
1062 2805 1187 2893 ingenii

142 2932 282 2975 acumen
293 2912 494 2998 etimpetum
504 2911 610 2998 frangi
620 2927 652 2974 et
663 2911 758 2974 atteri
770 2910 946 2973 molestum
956 2925 1014 2972 est.
1025 2909 1101 2990 Quo
1114 2909 1186 2997 ipso

141 3015 266 3080 factum
284 3030 348 3094 est,
368 3031 404 3079 ut
422 3015 532 3102 magni
551 3015 661 3079 Critici
679 3012 722 3078 ad
739 3036 850 3077 rerum
864 3034 1025 3076 summam
1040 3028 1073 3075 et
1090 3035 1186 3099 argu·

143 3121 249 3206 menti
258 3120 484 3184 tractationem
496 3119 762 3206 tractationisque
774 3134 895 3196 artem,
915 3139 1003 3204 saepe
1019 3115 1062 3180 ad
1076 3118 1188 3204 singu·

141 3224 189 3289 las
203 3225 394 3305 sententias,
408 3241 474 3289 tam
490 3247 607 3313 parum
622 3222 847 3302 attenderent3
864 3238 967 3311 utque
982 3221 1200 3286 emendatio--

140 3351 201 3394 nes
218 3328 260 3393 de
271 3329 379 3394 verbis
394 3330 530 3419 singulis
547 3330 718 3407 afferrent,
735 3351 811 3393 cum
827 3351 938 3392 rerum
954 3350 992 3392 ac
1009 3327 1184 3390 sententia·

140 3457 216 3500 rum
234 3457 395 3500 summam
413 3459 480 3501 non
498 3450 761 3523 assequerentur.
782 3436 856 3498 Non
875 3434 938 3496 nisi
955 3432 1071 3500 vitiosa
1088 3432 1184 3495 extir-

139 3537 249 3628 panda
263 3557 354 3619 sunt,
370 3541 397 3605 si
414 3540 515 3605 modo
532 3540 729 3604 substituere
744 3539 849 3627 possis
866 3561 957 3616 vera,
978 3536 1094 3601 saltem
1108 3537 1185 3600 satis

140 3645 332 3734 probabilia.
352 3649 503 3737 Reliqua,
520 3670 594 3737 quae
607 3646 688 3710 nihil
703 3647 851 3724 interest,
869 3662 945 3708 utro
960 3641 1060 3708 modo
1074 3641 1185 3728 legan-

141 3768 208 3830 tur,
222 3752 408 3840 relinquere
423 3754 541 3817 intacta
554 3753 653 3817 satius
668 3768 727 3816 est.
741 3753 844 3830 llam,
863 3751 967 3838 ipsam
981 3769 1117 3811 manum
1131 3768 1185 3809 ve·

140 3857 219 3919 teris
235 3871 342 3943 poetae
356 3857 390 3919 in
405 3857 539 3943 singulis
554 3873 587 3921 et
602 3855 754 3921 omnihus
767 3853 933 3918 redhiberi
950 3872 1062 3940 posse,
1083 3854 1185 3913 nem'o

99 3951 105 3963 ⁸
140 3958 288 4048 prudens
309 3962 472 4049 opinetur.
493 3963 613 4027 Contra
634 3960 862 4025 molestissima
877 3982 927 4023 res
945 3965 1009 4034 est,
1027 3955 1070 4033 si,
1092 3951 1184 4045 quod

140 4088 200 4151 pro
216 4088 272 4131 ruo
284 4089 379 4134 sensu
391 4067 545 4136 Heinsius
558 4068 711 4162 ejecerat,
723 4082 783 4154 pro
799 4089 854 4133 suo
872 4087 966 4139 seusu
977 4065 1185 4132 Burmannus
1202 4114 1211 4121 .
