2670 4824
486 365 734 418 rnnrarro.
1080 355 1144 454 xiij

92 530 157 576 ora
185 513 427 603 posterorum
453 524 560 597 pares
583 496 779 588 incedere,
804 511 840 571 et
861 501 988 575 Romae
1009 502 1143 598 fastos,
1213 494 1216 500 ¹

91 654 172 699 non
195 626 321 698 minus
342 622 511 696 Maronis
535 619 784 712 carminibus,
805 648 921 719 quam
942 623 1147 727 triumphis

96 752 287 823 Caesarum
302 745 494 847 superbire
510 760 547 818 et
560 744 740 819 illustrari
748 775 758 836 ;

145 874 183 946 5⁰
200 873 289 947 Vita
309 876 348 945 P.
371 869 520 968 Virgilii
541 870 727 961 Maronis,
748 897 864 969 quam
885 870 1147 952 celeberrimus

94 1001 193 1074 inter
212 1010 396 1072 nostrates
418 993 513 1068 olim
531 995 775 1095 professores,
798 992 956 1068 Carolus
969 999 1018 1068 Le
1032 1000 1147 1094 Banu,

93 1122 261 1197 ridiculis
277 1119 381 1219 vulgi
396 1121 437 1195 in
454 1119 653 1194 mendacia
666 1137 703 1208 et
721 1120 1015 1195 admirationem
1033 1132 1149 1224 proni

97 1247 234 1322 fabulis
250 1247 487 1348 expurgavit,
500 1261 602 1320 ratus
617 1245 755 1320 scilicet
767 1246 924 1320 maximi
936 1263 1057 1346 poetae
1067 1250 1152 1349 glo-

94 1377 209 1467 riam,
227 1403 310 1477 quae
326 1373 467 1449 nullius
488 1375 606 1474 possit
622 1372 682 1448 vel
701 1372 878 1448 laudibus
892 1401 1068 1468 crescere,
1090 1377 1150 1450 vel

98 1502 372 1578 obtrectatione
388 1501 528 1592 minui,
545 1498 660 1574 nullis
675 1498 937 1573 exornandam
951 1525 1028 1573 esse
1042 1500 1153 1575 mira·

97 1627 201 1702 culis.

143 1752 211 1826 His
222 1751 399 1826 omnibus
413 1751 608 1842 accedent,
619 1766 657 1826 et
666 1767 794 1826 totum
806 1750 1033 1827 concludent
1043 1781 1152 1856 opus,

96 1877 314 1951 testimonia
335 1876 380 1948 de
400 1876 557 1976 Virgilio
573 1877 791 1977 ctejusdem
809 1878 1002 1976 operibus;
1024 1884 1153 1956 Maro·

95 2009 154 2077 nis
178 2002 394 2105 epitaphia;
416 2002 607 2094 codicum,
637 2004 847 2076 editionum
871 2018 908 2077 et
935 2006 1153 2080 versionum

99 2126 236 2228 triplex
251 2125 446 2216 elenchus3
471 2125 626 2218 tabulae,
656 2142 692 2199 et
719 2124 1003 2227 locupletissimi
1028 2137 1154 2203 nomi·

99 2277 213 2343 num,
226 2276 375 2340 rerum,
388 2249 591 2323 verborum
604 2264 641 2323 et
653 2266 834 2324 notarum
846 2250 1007 2343 indices3
1019 2253 1065 2326 de
1078 2256 1156 2354 qui·

96 2376 181 2468 bus,
205 2391 243 2449 et
259 2375 305 2449 de
326 2379 454 2450 ceteris
478 2403 560 2476 quae
587 2375 824 2474 singulorum
845 2396 1045 2451 auctorum
1069 2393 1157 2452 sunt

100 2502 343 2591 communia,
368 2499 471 2593 vide,
494 2502 525 2575 si
544 2503 685 2603 placet,
708 2501 826 2575 lector
842 2516 878 2575 et
893 2502 1008 2602 judex
1027 2504 1159 2604 aequis-

96 2627 213 2720 sime,
233 2654 317 2728 quae
339 2654 467 2702 sumus
479 2628 629 2727 praefati
644 2627 693 2701 ad
708 2628 879 2728 primum
894 2631 935 2703 C.
951 2633 984 2703 J.
1003 2629 1157 2704 Caesaris

100 2749 300 2842 volumen,
313 2777 398 2851 pag.
417 2750 475 2848 xxj
491 2765 527 2823 et
543 2777 642 2851 seqq.

148 2873 255 2968 Quid
268 2900 371 2947 nunc
379 2873 477 2947 mihi
490 2873 697 2948 dicendum
705 2892 889 2976 superest,
903 2876 975 2950 nisi
994 2876 1040 2950 de
1055 2893 1159 2979 typo-

102 2999 271 3100 grapho,
287 2998 347 3071 cui
363 3025 505 3072 novam
522 2999 621 3074 bane
638 3000 787 3099 Virgilii
803 3000 1014 3075 editionem
1030 3029 1160 3076 curan·

101 3120 193 3195 dam
209 3122 487 3196 commisimus?
509 3126 635 3223 Neque
651 3125 716 3197 diu
731 3123 943 3200 multumve
968 3126 1159 3201 dubitanti

100 3272 176 3318 sese
191 3244 347 3335 obtulit,
363 3246 444 3355 qui,
458 3274 576 3347 quum
589 3248 806 3347 Virgilianae
819 3248 926 3323 laudi
935 3248 1090 3324 laudem
1100 3278 1160 3324 so·

101 3371 199 3444 ciam
212 3369 444 3469 jamdudum
460 3375 731 3472 conjunxisset,
755 3375 829 3448 hoe
845 3376 928 3475 ipso
946 3402 1007 3448 me
1021 3376 1160 3449 certio-

102 3521 185 3567 rem
201 3495 378 3590 faciebat,
395 3498 556 3571 minime
572 3496 642 3572 sibi
656 3527 693 3573 se
709 3499 948 3592 defuturum,
973 3498 1160 3598 siquidem
1222 3538 1231 3563 ι

105 3619 152 3694 de
173 3626 333 3696 Marone
359 3642 426 3697 suo
450 3624 589 3696 iterum
615 3640 797 3723 ageretur.
824 3627 919 3720 Quis
944 3625 1048 3697 enim
1071 3626 1160 3698 adeo

103 3743 223 3819 obtusa
240 3761 345 3846 gerat
354 3763 518 3850 pectora,
534 3763 576 3823 ut
592 3749 759 3848 ignoret,
776 3776 888 3851 quam
907 3736 1004 3850 pura
1021 3762 1057 3820 et
1074 3762 1162 3822 ante

104 3870 198 3946 alios
221 3890 395 3950 accurata
419 3874 538 3951 tentus
561 3877 847 3972 emendatione,
871 3905 990 3980 quam.
1009 3877 1162 3978 magni-

103 3995 178 4070 fico
195 4002 368 4103 sumptus
386 4017 574 4103 apparatu
595 4002 871 4105 splendidaque
891 4018 1072 4105 typorum
1088 4001 1164 4076 ele-

104 4127 251 4224 gartia,
273 4158 390 4233 quam
407 4131 546 4212 devoto
570 4160 657 4234 erga
677 4135 811 4239 poesin
833 4149 870 4210 et
891 4160 977 4211 vere
993 4134 1162 4207 fraterno
