2670 4824
327 379 531 449 TER'HAE
553 379 835 447 EDITIONIS.
1088 380 1106 449 l

60 499 319 579 malevolentia
332 505 553 577 illiberaliter
568 509 606 574 in
621 521 680 575 me
697 521 810 575 essent
826 500 957 574 effusa:
973 494 1107 600 quibus

64 637 231 690 nontam
246 619 348 690 dolui
359 623 429 690 mei
440 644 575 705 caussa,
591 644 701 716 quam
715 633 862 714 propter
873 620 1107 686 imminutam

63 731 253 804 literarum
267 750 474 803 nostrarum
488 732 718 828 dignitatem,
733 747 767 800 et
781 728 830 800 ob
849 729 1107 800 detrimentum

64 847 166 942 quod
193 846 299 917 bonis
322 846 486 917 moribus
511 871 658 941 suaeque
681 847 835 941 quisque
854 847 1107 914 existimationi

64 964 158 1030 inter
180 960 298 1030 bonos
328 964 403 1055 ipse
430 957 545 1053 affert.
572 961 653 1028 Jam
680 962 718 1026 in
747 955 957 1053 praefatione
977 961 1107 1053 prioris

65 1072 234 1143 editionis
254 1071 435 1170 professus
456 1094 573 1157 eram,
597 1097 656 1141 me
678 1069 887 1141 inchoatam
908 1086 1050 1141 tantum
1074 1087 1109 1143 et

44 1184 281 1282 ‚descriptam
303 1211 451 1281 operam
472 1184 618 1282 publice
638 1209 861 1281 proponere,
884 1209 966 1281 quae
985 1200 1109 1256 tamen

64 1324 132 1395 pro
147 1298 266 1369 fundo
279 1324 352 1370 esse
365 1302 475 1395 possit
491 1298 617 1369 studiis
634 1303 798 1368 virorum
813 1297 1007 1368 doctorum
1022 1323 1107 1369 con·

61 1413 200 1510 junctis
213 1417 252 1482 in
267 1400 489 1509 perficiendo
502 1411 659 1508 eoquod
672 1411 898 1509 designatum
911 1438 932 1481 a
943 1437 1002 1481 me
1014 1428 1107 1501 erat3

63 1526 184 1596 multo
201 1531 299 1596 enim
312 1525 438 1595 utilius
454 1525 544 1611 fore,
559 1529 587 1594 si
602 1551 677 1594 una
691 1523 812 1621 aliqua
827 1525 936 1595 editio
952 1529 1108 1622 repetitis

63 1639 230 1735 plurium
249 1639 375 1710 studiis
393 1655 428 1709 et
447 1643 544 1709 curis
563 1639 776 1708 emendetur
796 1654 829 1708 et
851 1636 1106 1735 locupletetur,

63 1779 175 1850 quam
191 1758 221 1822 si
237 1752 358 1850 plures
374 1756 506 1822 iteratis
523 1752 646 1822 itidem
669 1750 807 1821 vicibus
824 1752 947 1821 eadem
965 1777 1109 1823 recoxc·

64 1872 155 1955 rint,
177 1882 243 1937 aut
262 1881 406 1936 veterem
422 1864 612 1963 querelam,
636 1881 677 1935 ut
702 1890 788 1934 cum
811 1880 936 1934 nostro
958 1863 1108 1961 loquar,

63 1984 196 2051 iterum
219 1984 426 2077 iterumque
446 1984 643 2050 cecinerint.
663 1979 736 2048 Nec
753 1994 875 2047 tamen
893 1976 948 2046 vel
963 1981 1013 2048 sic
1031 1984 1108 2051 cui·

64 2120 176 2190 quam
200 2092 373 2163 invidebo
399 2097 472 2162 suis
501 2096 669 2189 auspiciis
696 2090 847 2160 meliora
875 2095 912 2161 in
942 2091 1107 2164 medium

62 2205 282 2303 proferenti,
301 2209 367 2303 qui
386 2206 424 2275 id
444 2209 610 2302 inprimis
631 2229 859 2301 peromnem
880 2206 989 2273 vitam
1005 2206 1108 2275 cordi

62 2317 276 2406 habuerim,
294 2336 336 2390 ut
353 2319 422 2390 alia
443 2323 565 2416 potius
581 2321 726 2415 ingenia
742 2321 932 2389 excitarem
949 2334 982 2387 et
999 2344 1108 2389 acue·

63 2459 161 2522 rem,
176 2450 289 2531 quam
304 2450 346 2503 ut
360 2457 502 2520 meum,
523 2430 779 2530 qualecunque
801 2430 893 2501 illud
915 2435 976 2519 sit,
993 2431 1109 2528 jacta-

64 2573 153 2617 rem.
171 2545 362 2638 Quamdiu
378 2551 476 2617 enim
493 2551 532 2615 in
549 2546 605 2617 his
626 2546 752 2617 studiis
767 2562 925 2616 versatus
941 2570 1044 2635 sum,
1070 2549 1109 2619 id

65 2665 139 2757 egi,
159 2676 201 2730 ut
219 2659 330 2731 literae
343 2660 623 2730 emendarentur
636 2676 670 2730 et
683 2659 943 2756 perficerentur
959 2664 1032 2730 sive
1045 2687 1110 2757 per

65 2799 142 2861 me,
158 2778 232 2844 sive
247 2800 310 2870 per
325 2774 433 2862 alios;
451 2789 485 2844 et
500 2774 599 2844 soleo
616 2773 743 2861 laetari,
758 2776 899 2870 quoties
916 2778 1009 2843 inter
1026 2775 1110 2844 vul-

66 2892 164 2984 garia
187 2886 314 2958 haberi
342 2888 449 2959 video
474 2914 514 2958 ea
541 2912 623 2984 quae
648 2886 737 2956 olim
767 2912 861 2956 nove
883 2903 917 2956 et
939 2887 1110 2959 audacter

66 3000 162 3071 dicta
176 2998 279 3071 haud
296 3025 379 3071 raro
396 2999 635 3097 displicebant
654 3005 841 3071 seniorum
859 3000 1018 3096 judiciis.
1045 3005 1110 3073 Ne·

66 3140 138 3210 que
152 3118 308 3184 omnino
326 3113 421 3185 hanc
439 3118 615 3185 rationem
630 3115 903 3184 commentandi
922 3119 960 3184 in
978 3132 1110 3186 veteres

66 3244 231 3298 auctores
248 3226 412 3298 classicos
426 3243 599 3324 tanquam
616 3231 724 3297 unice
738 3227 969 3324 probandam
983 3245 1017 3298 et
1032 3256 1111 3300 am·
1193 3218 1204 3233 ’

65 3339 296 3437 plectendam
309 3341 508 3429 venditavi;
526 3357 652 3412 contra
664 3367 749 3412 vero
764 3367 850 3412 cum
862 3340 940 3412 aliis
955 3347 993 3413 in
1008 3343 1109 3432 locis,

66 3469 146 3524 tum
163 3459 203 3523 in
220 3451 493 3550 praefationibus
514 3455 672 3525 studiose
693 3455 871 3525 declaravi
893 3456 1031 3526 diversa
1052 3458 1110 3528 di·

66 3570 175 3637 versis
191 3566 352 3637 consiliis
370 3569 643 3640 accommodata
665 3569 938 3639 commentandi
961 3596 1109 3667 genera3

68 3696 101 3751 et
127 3677 255 3750 locum
285 3705 395 3751 suum
418 3686 594 3779 assignavi
626 3681 714 3753 huic
740 3700 882 3770 nostr03
910 3690 1111 3755 memoravi

67 3818 233 3890 quoque,
249 3820 361 3890 quam
383 3794 530 3866 laudem
551 3796 715 3867 studium
738 3795 900 3866 vertendi
924 3800 961 3864 in
983 3822 1112 3868 verna-

67 3904 195 3975 culum
220 3933 442 3997 sermonem,
468 3926 501 3979 et
527 3935 615 4007 quas
642 3914 929 4007 opportunitates
954 3926 987 3980 et
1012 3937 1133 3983 com--

66 4018 178 4092 moda
200 4019 296 4092 illud
320 4022 467 4113 babeat,
494 4020 679 4098 interdum
698 4025 744 4095 ad
766 4029 882 4122 ipsam
902 4027 1109 4122 interpreta-
