2670 4824
179 323 200 370 x
598 312 816 364 rotronis

180 471 263 521 ram
294 447 572 543 insumpserunt
606 470 735 517 omnes
765 445 841 516 fere
876 443 1121 547 interpretes;
1158 455 1234 527 alia

180 596 290 660 vero,
313 595 380 641 nee
399 595 443 639 ea
462 566 620 638 minime
638 567 950 643 adnotationibus
969 574 1135 669 egentia,
1152 582 1238 676 quae'

180 720 288 795 paene
301 695 424 766 cuncti
440 691 692 790 neglexerunt.
708 693 937 793 suppetebat
951 696 1105 794 quidem
1120 728 1236 795 nnus,

181 816 245 913 qui
262 832 386 914 posset
403 812 485 885 aliis
501 813 638 887 omissa
655 814 846 913 supplere,
863 815 1064 892 fidissimus
1079 835 1166 893 ante
1182 849 1237 894 ce·

182 954 280 1013 teros
302 957 338 1011 et
364 938 620 1029 doctissimus,
649 942 798 1014 Cfllusr.
825 943 971 1015 GOTTL.
999 947 1146 1036 Herum
1173 947 1237 1020 hic

183 1064 324 1135 etenim
356 1064 503 1137 nullam
533 1093 612 1137 non
639 1064 735 1138 vidit
766 1067 1047 1160 difficultatem,
1088 1071 1238 1146 nullam

182 1213 260 1258 non
282 1187 392 1279 adiit,
414 1187 561 1262 nullam
579 1192 697 1264 ferme
718 1219 797 1266 non
817 1192 938 1268 solvit.
958 1195 1029 1269 Sed
1048 1223 1124 1295 quo
1147 1195 1239 1268 dili-

182 1318 343 1409 gentiori
364 1341 452 1387 cura
472 1316 677 1415 perfectum
702 1344 796 1417 opus
820 1317 963 1410 edidit,
982 1347 1027 1392 eo
1048 1321 1238 1396 difficilius

182 1453 262 1510 erat
286 1438 376 1511 inde
397 1439 606 1539 quidquam
631 1441 845 1543 decerpere,
871 1442 975 1542 quod
997 1442 1150 1520 aliunde
1174 1447 1240 1519 de-

152 1548 158 1561 *
184 1567 317 1664 eerptis
335 1567 568 1643 intersereres
588 1599 594 1642 :
616 1598 779 1670 namque
796 1576 825 1645 is
842 1599 920 1644 uno
940 1589 1089 1666 tenore,
1105 1590 1141 1648 et
1155 1602 1243 1676 per-

182 1691 302 1791 petuis
321 1719 405 1765 vere
424 1697 724 1786 commentariis,
748 1697 1063 1799 sagacissimisque
1084 1701 1241 1773 excursi-

181 1811 250 1886 bus
266 1816 467 1913 Virgilium
483 1818 703 1908 illustravit3
719 1819 772 1891 ita
786 1837 845 1910 ut,
861 1820 892 1891 si
907 1821 1099 1918 quidinde
1114 1848 1243 1922 sump-

183 1939 290 2029 seris,
314 1944 478 2034 nonsit,
500 1971 566 2016 cur
589 1943 719 2015 omnia
742 1969 821 2014 non
843 1969 1016 2017 sumeres.
1039 1949 1241 2030 Praeterea,

183 2067 286 2165 quod
315 2073 424 2140 reteri
451 2068 645 2159 viderunt3
675 2068 753 2168 ipse
774 2066 870 2140 vidit
879 2101 888 2159 ;
914 2069 1018 2167 quod
1044 2069 1240 2160 dixerunt,

182 2193 261 2292 ipse
292 2194 443 2283 dixit3
434 2221 554 2267 immo
583 2192 823 2294 paucioribus
852 2220 949 2293 saepe
974 2193 1094 2267 verbis
1125 2193 1242 2284 dixit,

184 2317 287 2417 quod
307 2345 350 2389 ex
372 2317 532 2428 infinitis
550 2316 716 2423 aliorum
726 2316 836 2422 notis
859 2344 939 2388 non
959 2317 1037 2390 sine
1059 2314 1241 2417 improbo

182 2440 313 2514 labore
350 2422 564 2550 collrperes
569 2432 913 2547 supervacaneum
946 2441 1060 2539 igitur
1091 2442 1163 2513 fuit
1199 2467 1244 2513 ex

182 2563 354 2666 pluribus
382 2580 545 2690 petere,3
552 2562 671 2673 qued:
680 2589 777 2671 ungue
808 2562 999 2636 offerebat.
1023 2562 1127 2658 Quid
1147 2560 1245 2635 mul·

183 2689 245 2762 at?
267 2692 322 2761 Eo
343 2675 583 2799 perduxit
535 2659 618 2760 illi
616 2655 877 2805 ngffimam
906 2689 1050 2773 izmee»,
1076 2700 1118 2758 ut
1127 2685 1247 2784 ‚qui-

184 2797 828 2922 cumquenovusaeredentedrtor
846 2826 910 2886 aut
926 2810 1060 2884 illum
1050 2826 1244 2909 intentum

184 2953 469 3037 repraesentare,
480 2953 693 3012 autnovam
707 2937 1247 3040 omninocornmentationem

184 3061 284 3136 illius
325 3065 500 3166 exemplo
539 3065 734 3138 instituere
770 3077 973 3164 cogeretur.
998 3044 1105 3156 ¹Quis
1142 3061 1247 3133 enim

183 3189 296 3263 ferret
312 3190 432 3263 hodie
447 3191 724 3264 multiformem
742 3191 933 3263 variarum
948 3186 1247 3282 adnotationum

186 3317 422 3418 congeriem,
447 3332 484 3390 et
498 3323 603 3416 quasi
620 3343 756 3416 eorpus
773 3315 942 3414 undique
959 3310 1105 3388 collatis
1122 3336 1247 3384 mem-

184 3441 259 3516 bris
275 3444 554 3544 compositum‚
569 3470 687 3543 quum
702 3444 743 3514 in
763 3456 948 3542 promptu
967 3441 1035 3533 sit,
1050 3456 1133 3512 'uno
1154 3464 1247 3539 pro·

181 3571 308 3670 ‚posito
333 3585 539 3670 susceptus,
564 3597 641 3643 una
662 3568 848 3643 industria
865 3566 1068 3669 expolitus,
1090 3591 1170 3638 uno
1192 3566 1248 3636 in-

186 3695 298 3791 genio
328 3694 377 3767 ad
405 3695 522 3767 finem
550 3694 754 3795 perductus
783 3710 819 3765 et
844 3691 1036 3766 absolutus
1059 3692 1157 3760 tanti
1175 3685 1249 3757 viri

184 3818 314 3892 labor?
348 3823 575 3922 Caperemus
604 3846 692 3918 ergo
721 3819 857 3892 duram
887 3812 1100 3888 admodum
1131 3811 1248 3884 totius

185 3945 511 4045 interpretationis
528 3944 755 4044 refingendae
770 3939 1025 4045 provinciam!
1050 3941 1247 4032 Quorsum

187 4085 314 4146 autem
343 4074 514 4166 attinuit,
547 4074 684 4146 sinon
714 4070 877 4145 meliora
906 4067 1031 4142 daturi
1061 4060 1247 4138 essemus?
