<?xml version="1.0" encoding="UTF-8"?>
<!DOCTYPE html PUBLIC "-//W3C//DTD XHTML 1.0 Transitional//EN"
    "http://www.w3.org/TR/xhtml1/DTD/xhtml1-transitional.dtd">
<html xmlns="http://www.w3.org/1999/xhtml" xml:lang="en" lang="en">
 <head>
  <title>
</title>
<meta http-equiv="Content-Type" content="text/html;charset=utf-8" />
  <meta name='ocr-system' content='tesseract 3.04.00' />
  <meta name='ocr-capabilities' content='ocr_page ocr_carea ocr_par ocr_line ocrx_word'/>
</head>
<body>
  <div class='ocr_page' id='page_1' title='image "bibliothecaclas12lemagoog_0050.png"; bbox 0 0 2670 4824; ppageno 0'>
   <div class='ocr_carea' id='block_1_1' title="bbox 295 317 1177 391">
    <p class='ocr_par' dir='ltr' id='par_1_1' title="bbox 295 317 1177 391">
     <span class='ocr_line' id='line_1_1' title="bbox 295 317 1177 391; baseline -0.005 0"><span class='ocrx_word' id='word_1_1' title='bbox 295 322 429 391; x_wconf 88' lang='grc' dir='ltr'><strong>ΤΟΜΙ</strong></span> <span class='ocrx_word' id='word_1_2' title='bbox 454 322 516 387; x_wconf 87' lang='grc' dir='ltr'>ΙΙΙ</span> <span class='ocrx_word' id='word_1_3' title='bbox 538 317 814 387; x_wconf 85' lang='lat' dir='ltr'>EDITIONIS</span> <span class='ocrx_word' id='word_1_4' title='bbox 839 320 1019 387; x_wconf 84' lang='lat' dir='ltr'><strong>PRIMAE.</strong></span> <span class='ocrx_word' id='word_1_5' title='bbox 1139 322 1177 389; x_wconf 75' lang='lat'>31</span> 
     </span>
    </p>
   </div>
   <div class='ocr_carea' id='block_1_2' title="bbox 139 443 1259 4131">
    <p class='ocr_par' dir='ltr' id='par_1_2' title="bbox 139 443 1259 4131">
     <span class='ocr_line' id='line_1_2' title="bbox 139 443 1181 533; baseline -0.002 -20"><span class='ocrx_word' id='word_1_6' title='bbox 139 466 223 527; x_wconf 81' lang='lat' dir='ltr'>tum,</span> <span class='ocrx_word' id='word_1_7' title='bbox 251 449 306 513; x_wconf 84' lang='lat' dir='ltr'>vix</span> <span class='ocrx_word' id='word_1_8' title='bbox 327 450 361 512; x_wconf 92' lang='lat' dir='ltr'>in</span> <span class='ocrx_word' id='word_1_9' title='bbox 374 447 528 513; x_wconf 75' lang='lat' dir='ltr'>&#39;animum</span> <span class='ocrx_word' id='word_1_10' title='bbox 545 443 729 511; x_wconf 85' lang='lat' dir='ltr'>admittant.</span> <span class='ocrx_word' id='word_1_11' title='bbox 750 444 866 533; x_wconf 85' lang='lat' dir='ltr'>Atqui,</span> <span class='ocrx_word' id='word_1_12' title='bbox 887 461 926 511; x_wconf 92' lang='lat' dir='ltr'>ut</span> <span class='ocrx_word' id='word_1_13' title='bbox 947 444 1012 511; x_wconf 91' lang='lat' dir='ltr'>boc</span> <span class='ocrx_word' id='word_1_14' title='bbox 1030 447 1181 532; x_wconf 87' lang='lat' dir='ltr'>exemplo</span> 
     </span>
     <span class='ocr_line' id='line_1_3' title="bbox 140 548 1182 642; baseline -0.003 -24"><span class='ocrx_word' id='word_1_15' title='bbox 140 571 223 633; x_wconf 87' lang='lat' dir='ltr'>utar,</span> <span class='ocrx_word' id='word_1_16' title='bbox 247 555 377 642; x_wconf 79' lang='lat' dir='ltr'>Virgilii</span> <span class='ocrx_word' id='word_1_17' title='bbox 400 569 564 619; x_wconf 87' lang='lat' dir='ltr'>trecentos</span> <span class='ocrx_word' id='word_1_18' title='bbox 584 548 716 616; x_wconf 87' lang='lat' dir='ltr'>codices</span> <span class='ocrx_word' id='word_1_19' title='bbox 738 567 771 614; x_wconf 90' lang='lat' dir='ltr'>et</span> <span class='ocrx_word' id='word_1_20' title='bbox 789 549 951 615; x_wconf 86' lang='lat' dir='ltr'>editiones</span> <span class='ocrx_word' id='word_1_21' title='bbox 970 567 1099 615; x_wconf 88' lang='lat' dir='ltr'>veteres</span> <span class='ocrx_word' id='word_1_22' title='bbox 1117 551 1182 616; x_wconf 87' lang='lat' dir='ltr'>hoc</span> 
     </span>
     <span class='ocr_line' id='line_1_4' title="bbox 139 654 1183 748; baseline -0.003 -24"><span class='ocrx_word' id='word_1_23' title='bbox 139 676 292 748; x_wconf 86' lang='lat' dir='ltr'>respectu</span> <span class='ocrx_word' id='word_1_24' title='bbox 306 661 360 724; x_wconf 84' lang='lat' dir='ltr'>vix</span> <span class='ocrx_word' id='word_1_25' title='bbox 373 660 487 748; x_wconf 77' lang='lat' dir='ltr'>dignas</span> <span class='ocrx_word' id='word_1_26' title='bbox 500 654 650 737; x_wconf 82' lang='lat' dir='ltr'>habebit,</span> <span class='ocrx_word' id='word_1_27' title='bbox 666 680 746 745; x_wconf 89' lang='lat' dir='ltr'>quas</span> <span class='ocrx_word' id='word_1_28' title='bbox 761 657 924 744; x_wconf 89' lang='lat' dir='ltr'>inspiciat,</span> <span class='ocrx_word' id='word_1_29' title='bbox 938 656 975 737; x_wconf 85' lang='lat' dir='ltr'>is,</span> <span class='ocrx_word' id='word_1_30' title='bbox 988 657 1047 747; x_wconf 88' lang='lat' dir='ltr'>qui</span> <span class='ocrx_word' id='word_1_31' title='bbox 1060 679 1128 721; x_wconf 91' lang='lat' dir='ltr'>non</span> <span class='ocrx_word' id='word_1_32' title='bbox 1139 655 1183 721; x_wconf 87' lang='lat' dir='ltr'>ed</span> 
     </span>
     <span class='ocr_line' id='line_1_5' title="bbox 139 761 1184 854; baseline 0 -26"><span class='ocrx_word' id='word_1_33' title='bbox 139 766 308 854; x_wconf 80' lang='lat' dir='ltr'>vulgarem</span> <span class='ocrx_word' id='word_1_34' title='bbox 323 766 513 853; x_wconf 88' lang='lat' dir='ltr'>opinionem</span> <span class='ocrx_word' id='word_1_35' title='bbox 524 761 687 852; x_wconf 91' lang='lat' dir='ltr'>judicium</span> <span class='ocrx_word' id='word_1_36' title='bbox 701 762 763 827; x_wconf 88' lang='lat' dir='ltr'>sibi</span> <span class='ocrx_word' id='word_1_37' title='bbox 780 763 900 827; x_wconf 87' lang='lat' dir='ltr'>mentis</span> <span class='ocrx_word' id='word_1_38' title='bbox 913 761 1184 828; x_wconf 88' lang='lat' dir='ltr'>constituendum</span> 
     </span>
     <span class='ocr_line' id='line_1_6' title="bbox 139 866 1183 959; baseline 0 -25"><span class='ocrx_word' id='word_1_39' title='bbox 139 888 241 959; x_wconf 89' lang='lat' dir='ltr'>putet.</span> <span class='ocrx_word' id='word_1_40' title='bbox 266 870 386 934; x_wconf 83' lang='lat' dir='ltr'>Utilior</span> <span class='ocrx_word' id='word_1_41' title='bbox 403 868 493 933; x_wconf 88' lang='lat' dir='ltr'>haud</span> <span class='ocrx_word' id='word_1_42' title='bbox 512 867 613 932; x_wconf 86' lang='lat' dir='ltr'>dubie</span> <span class='ocrx_word' id='word_1_43' title='bbox 628 891 727 956; x_wconf 90' lang='lat' dir='ltr'>opera</span> <span class='ocrx_word' id='word_1_44' title='bbox 745 891 764 932; x_wconf 86' lang='lat' dir='ltr'>a</span> <span class='ocrx_word' id='word_1_45' title='bbox 779 869 857 932; x_wconf 85' lang='lat' dir='ltr'>viris</span> <span class='ocrx_word' id='word_1_46' title='bbox 872 866 977 934; x_wconf 88' lang='lat' dir='ltr'>doctis</span> <span class='ocrx_word' id='word_1_47' title='bbox 991 886 1134 957; x_wconf 90' lang='lat' dir='ltr'>ponetur</span> <span class='ocrx_word' id='word_1_48' title='bbox 1148 870 1183 934; x_wconf 89' lang='lat' dir='ltr'>in</span> 
     </span>
     <span class='ocr_line' id='line_1_7' title="bbox 139 973 1184 1064; baseline 0 -25"><span class='ocrx_word' id='word_1_49' title='bbox 139 975 215 1055; x_wconf 87' lang='lat' dir='ltr'>hoc,</span> <span class='ocrx_word' id='word_1_50' title='bbox 232 992 270 1040; x_wconf 92' lang='lat' dir='ltr'>ut</span> <span class='ocrx_word' id='word_1_51' title='bbox 284 975 430 1064; x_wconf 88' lang='lat' dir='ltr'>plurium</span> <span class='ocrx_word' id='word_1_52' title='bbox 444 974 627 1040; x_wconf 82' lang='lat' dir='ltr'>editionum</span> <span class='ocrx_word' id='word_1_53' title='bbox 640 974 744 1053; x_wconf 87' lang='lat' dir='ltr'>bona,</span> <span class='ocrx_word' id='word_1_54' title='bbox 757 997 834 1038; x_wconf 88' lang='lat' dir='ltr'>cum</span> <span class='ocrx_word' id='word_1_55' title='bbox 848 973 971 1040; x_wconf 89' lang='lat' dir='ltr'>dilectu</span> <span class='ocrx_word' id='word_1_56' title='bbox 982 992 1092 1039; x_wconf 89' lang='lat' dir='ltr'>tamen</span> <span class='ocrx_word' id='word_1_57' title='bbox 1107 999 1184 1064; x_wconf 91' lang='lat' dir='ltr'>pru·</span> 
     </span>
     <span class='ocr_line' id='line_1_8' title="bbox 139 1079 1183 1169; baseline -0.001 -23"><span class='ocrx_word' id='word_1_58' title='bbox 139 1079 231 1146; x_wconf 91' lang='lat' dir='ltr'>denti</span> <span class='ocrx_word' id='word_1_59' title='bbox 246 1097 280 1145; x_wconf 92' lang='lat' dir='ltr'>et</span> <span class='ocrx_word' id='word_1_60' title='bbox 299 1080 464 1169; x_wconf 74' lang='lat' dir='ltr'>diligenti,</span> <span class='ocrx_word' id='word_1_61' title='bbox 486 1082 521 1144; x_wconf 91' lang='lat' dir='ltr'>in</span> <span class='ocrx_word' id='word_1_62' title='bbox 540 1103 640 1145; x_wconf 87' lang='lat' dir='ltr'>unam</span> <span class='ocrx_word' id='word_1_63' title='bbox 658 1081 845 1159; x_wconf 89' lang='lat' dir='ltr'>conferant,</span> <span class='ocrx_word' id='word_1_64' title='bbox 865 1104 969 1169; x_wconf 89' lang='lat' dir='ltr'>eaque</span> <span class='ocrx_word' id='word_1_65' title='bbox 983 1080 1071 1146; x_wconf 87' lang='lat' dir='ltr'>bone</span> <span class='ocrx_word' id='word_1_66' title='bbox 1089 1083 1183 1146; x_wconf 76' lang='lat' dir='ltr'>novis</span> 
     </span>
     <span class='ocr_line' id='line_1_9' title="bbox 139 1184 1183 1275; baseline 0.003 -26"><span class='ocrx_word' id='word_1_67' title='bbox 139 1186 274 1275; x_wconf 88' lang='lat' dir='ltr'>opibus,</span> <span class='ocrx_word' id='word_1_68' title='bbox 291 1208 372 1274; x_wconf 89' lang='lat' dir='ltr'>quas</span> <span class='ocrx_word' id='word_1_69' title='bbox 386 1187 489 1251; x_wconf 88' lang='lat' dir='ltr'>nostri</span> <span class='ocrx_word' id='word_1_70' title='bbox 504 1187 538 1250; x_wconf 91' lang='lat' dir='ltr'>in</span> <span class='ocrx_word' id='word_1_71' title='bbox 552 1184 602 1250; x_wconf 89' lang='lat' dir='ltr'>his</span> <span class='ocrx_word' id='word_1_72' title='bbox 617 1186 718 1250; x_wconf 88' lang='lat' dir='ltr'>literis</span> <span class='ocrx_word' id='word_1_73' title='bbox 732 1187 919 1274; x_wconf 87' lang='lat' dir='ltr'>profectus,</span> <span class='ocrx_word' id='word_1_74' title='bbox 941 1205 1060 1251; x_wconf 87' lang='lat' dir='ltr'>nostrae</span> <span class='ocrx_word' id='word_1_75' title='bbox 1080 1189 1183 1253; x_wconf 81' lang='lat' dir='ltr'>aetatis</span> 
     </span>
     <span class='ocr_line' id='line_1_10' title="bbox 139 1290 1184 1381; baseline 0 -25"><span class='ocrx_word' id='word_1_76' title='bbox 139 1293 284 1356; x_wconf 84' lang='lat' dir='ltr'>rationes</span> <span class='ocrx_word' id='word_1_77' title='bbox 298 1292 464 1379; x_wconf 89' lang='lat' dir='ltr'>postulare</span> <span class='ocrx_word' id='word_1_78' title='bbox 480 1293 564 1357; x_wconf 80' lang='lat' dir='ltr'>forte</span> <span class='ocrx_word' id='word_1_79' title='bbox 579 1290 747 1370; x_wconf 82' lang='lat' dir='ltr'>videntur,</span> <span class='ocrx_word' id='word_1_80' title='bbox 763 1292 980 1380; x_wconf 89' lang='lat' dir='ltr'>locupletent,</span> <span class='ocrx_word' id='word_1_81' title='bbox 996 1292 1116 1381; x_wconf 90' lang='lat' dir='ltr'>quibus</span> <span class='ocrx_word' id='word_1_82' title='bbox 1129 1294 1184 1356; x_wconf 88' lang='lat' dir='ltr'>ite·</span> 
     </span>
     <span class='ocr_line' id='line_1_11' title="bbox 140 1396 1184 1487; baseline 0.003 -27"><span class='ocrx_word' id='word_1_83' title='bbox 140 1418 213 1460; x_wconf 88' lang='lat' dir='ltr'>rum</span> <span class='ocrx_word' id='word_1_84' title='bbox 227 1396 284 1460; x_wconf 91' lang='lat' dir='ltr'>alii</span> <span class='ocrx_word' id='word_1_85' title='bbox 299 1397 451 1485; x_wconf 79' lang='lat' dir='ltr'>singulas,</span> <span class='ocrx_word' id='word_1_86' title='bbox 468 1420 548 1486; x_wconf 89' lang='lat' dir='ltr'>quas</span> <span class='ocrx_word' id='word_1_87' title='bbox 562 1399 713 1463; x_wconf 88' lang='lat' dir='ltr'>conferre</span> <span class='ocrx_word' id='word_1_88' title='bbox 728 1421 762 1463; x_wconf 88' lang='lat' dir='ltr'>se</span> <span class='ocrx_word' id='word_1_89' title='bbox 775 1421 871 1487; x_wconf 88' lang='lat' dir='ltr'>posse</span> <span class='ocrx_word' id='word_1_90' title='bbox 885 1416 1012 1487; x_wconf 88' lang='lat' dir='ltr'>putent,</span> <span class='ocrx_word' id='word_1_91' title='bbox 1028 1401 1184 1464; x_wconf 86' lang='lat' dir='ltr'>accessio·</span> 
     </span>
     <span class='ocr_line' id='line_1_12' title="bbox 140 1500 1182 1591; baseline 0 -24"><span class='ocrx_word' id='word_1_92' title='bbox 140 1524 198 1567; x_wconf 87' lang='lat' dir='ltr'>nes</span> <span class='ocrx_word' id='word_1_93' title='bbox 211 1500 387 1591; x_wconf 88' lang='lat' dir='ltr'>adjiciant:</span> <span class='ocrx_word' id='word_1_94' title='bbox 410 1519 462 1583; x_wconf 84' lang='lat' dir='ltr'>ut,</span> <span class='ocrx_word' id='word_1_95' title='bbox 484 1504 519 1566; x_wconf 90' lang='lat' dir='ltr'>in</span> <span class='ocrx_word' id='word_1_96' title='bbox 537 1505 674 1568; x_wconf 90' lang='lat' dir='ltr'>molesta</span> <span class='ocrx_word' id='word_1_97' title='bbox 688 1504 749 1569; x_wconf 90' lang='lat' dir='ltr'>hac</span> <span class='ocrx_word' id='word_1_98' title='bbox 764 1502 966 1568; x_wconf 88' lang='lat' dir='ltr'>diversarum</span> <span class='ocrx_word' id='word_1_99' title='bbox 981 1504 1182 1585; x_wconf 87' lang='lat' dir='ltr'>editionum,</span> 
     </span>
     <span class='ocr_line' id='line_1_13' title="bbox 141 1608 1185 1700; baseline 0.003 -29"><span class='ocrx_word' id='word_1_100' title='bbox 141 1631 213 1696; x_wconf 89' lang='lat' dir='ltr'>quae</span> <span class='ocrx_word' id='word_1_101' title='bbox 228 1608 366 1696; x_wconf 72' lang='lat' dir='ltr'>singulte</span> <span class='ocrx_word' id='word_1_102' title='bbox 380 1609 585 1698; x_wconf 83' lang='lat' dir='ltr'>aliquantum</span> <span class='ocrx_word' id='word_1_103' title='bbox 602 1609 698 1673; x_wconf 85' lang='lat' dir='ltr'>bonae</span> <span class='ocrx_word' id='word_1_104' title='bbox 718 1612 820 1698; x_wconf 77' lang='lat' dir='ltr'>frugis</span> <span class='ocrx_word' id='word_1_105' title='bbox 841 1610 978 1691; x_wconf 83' lang='lat' dir='ltr'>babent,</span> <span class='ocrx_word' id='word_1_106' title='bbox 999 1613 1093 1699; x_wconf 89' lang='lat' dir='ltr'>copia</span> <span class='ocrx_word' id='word_1_107' title='bbox 1110 1635 1185 1700; x_wconf 89' lang='lat' dir='ltr'>per·</span> 
     </span>
     <span class='ocr_line' id='line_1_14' title="bbox 140 1713 1184 1805; baseline 0.004 -29"><span class='ocrx_word' id='word_1_108' title='bbox 140 1714 292 1777; x_wconf 77' lang='lat' dir='ltr'>veniatur</span> <span class='ocrx_word' id='word_1_109' title='bbox 310 1713 487 1804; x_wconf 85' lang='lat' dir='ltr'>aliquando</span> <span class='ocrx_word' id='word_1_110' title='bbox 507 1737 560 1792; x_wconf 87' lang='lat' dir='ltr'>eo,</span> <span class='ocrx_word' id='word_1_111' title='bbox 585 1733 621 1778; x_wconf 91' lang='lat' dir='ltr'>ut</span> <span class='ocrx_word' id='word_1_112' title='bbox 641 1716 679 1779; x_wconf 89' lang='lat' dir='ltr'>iis</span> <span class='ocrx_word' id='word_1_113' title='bbox 694 1738 768 1805; x_wconf 86' lang='lat' dir='ltr'>quae</span> <span class='ocrx_word' id='word_1_114' title='bbox 779 1733 861 1787; x_wconf 86' lang='lat' dir='ltr'>ante</span> <span class='ocrx_word' id='word_1_115' title='bbox 881 1716 941 1781; x_wconf 92' lang='lat' dir='ltr'>hos</span> <span class='ocrx_word' id='word_1_116' title='bbox 957 1717 1116 1782; x_wconf 90' lang='lat' dir='ltr'>ducentos</span> <span class='ocrx_word' id='word_1_117' title='bbox 1130 1718 1184 1781; x_wconf 84' lang='lat' dir='ltr'>vel</span> 
     </span>
     <span class='ocr_line' id='line_1_15' title="bbox 142 1821 1185 1911; baseline 0.002 -28"><span class='ocrx_word' id='word_1_118' title='bbox 142 1835 299 1883; x_wconf 90' lang='lat' dir='ltr'>centenos</span> <span class='ocrx_word' id='word_1_119' title='bbox 307 1843 410 1884; x_wconf 88' lang='lat' dir='ltr'>annos</span> <span class='ocrx_word' id='word_1_120' title='bbox 425 1842 523 1885; x_wconf 88' lang='lat' dir='ltr'>usum</span> <span class='ocrx_word' id='word_1_121' title='bbox 537 1821 621 1885; x_wconf 87' lang='lat' dir='ltr'>forte</span> <span class='ocrx_word' id='word_1_122' title='bbox 631 1821 753 1885; x_wconf 90' lang='lat' dir='ltr'>habere</span> <span class='ocrx_word' id='word_1_123' title='bbox 768 1838 920 1910; x_wconf 91' lang='lat' dir='ltr'>poterant</span> <span class='ocrx_word' id='word_1_124' title='bbox 928 1823 1083 1911; x_wconf 89' lang='lat' dir='ltr'>aliquem,</span> <span class='ocrx_word' id='word_1_125' title='bbox 1095 1845 1185 1887; x_wconf 90' lang='lat' dir='ltr'>nunc</span> 
     </span>
     <span class='ocr_line' id='line_1_16' title="bbox 141 1925 1182 2015; baseline 0.003 -27"><span class='ocrx_word' id='word_1_126' title='bbox 141 1940 251 1988; x_wconf 83' lang='lat' dir='ltr'>autem</span> <span class='ocrx_word' id='word_1_127' title='bbox 269 1942 327 1989; x_wconf 86' lang='lat' dir='ltr'>aut</span> <span class='ocrx_word' id='word_1_128' title='bbox 346 1927 481 1990; x_wconf 90' lang='lat' dir='ltr'>omnino</span> <span class='ocrx_word' id='word_1_129' title='bbox 499 1925 622 1989; x_wconf 90' lang='lat' dir='ltr'>habent</span> <span class='ocrx_word' id='word_1_130' title='bbox 642 1926 785 2004; x_wconf 89' lang='lat' dir='ltr'>nullum,</span> <span class='ocrx_word' id='word_1_131' title='bbox 804 1944 861 1990; x_wconf 90' lang='lat' dir='ltr'>aut</span> <span class='ocrx_word' id='word_1_132' title='bbox 879 1928 994 1991; x_wconf 90' lang='lat' dir='ltr'>saltem</span> <span class='ocrx_word' id='word_1_133' title='bbox 1012 1929 1182 2015; x_wconf 75' lang='lat' dir='ltr'>exiguum,</span> 
     </span>
     <span class='ocr_line' id='line_1_17' title="bbox 143 2029 1184 2129; baseline 0.004 -36"><span class='ocrx_word' id='word_1_134' title='bbox 143 2029 259 2116; x_wconf 88' lang='lat' dir='ltr'>spretis</span> <span class='ocrx_word' id='word_1_135' title='bbox 282 2052 321 2095; x_wconf 84' lang='lat' dir='ltr'>ac</span> <span class='ocrx_word' id='word_1_136' title='bbox 344 2030 485 2119; x_wconf 90' lang='lat' dir='ltr'>rejectis,</span> <span class='ocrx_word' id='word_1_137' title='bbox 509 2030 680 2094; x_wconf 88' lang='lat' dir='ltr'>utilissima</span> <span class='ocrx_word' id='word_1_138' title='bbox 700 2053 840 2129; x_wconf 63' lang='lat' dir='ltr'>qumque</span> <span class='ocrx_word' id='word_1_139' title='bbox 859 2046 892 2094; x_wconf 89' lang='lat' dir='ltr'>ct</span> <span class='ocrx_word' id='word_1_140' title='bbox 912 2032 1035 2118; x_wconf 88' lang='lat' dir='ltr'>optima</span> <span class='ocrx_word' id='word_1_141' title='bbox 1061 2033 1095 2094; x_wconf 94' lang='lat' dir='ltr'>in</span> <span class='ocrx_word' id='word_1_142' title='bbox 1116 2056 1184 2097; x_wconf 92' lang='lat' dir='ltr'>uno</span> 
     </span>
     <span class='ocr_line' id='line_1_18' title="bbox 143 2134 1185 2223; baseline 0.003 -26"><span class='ocrx_word' id='word_1_143' title='bbox 143 2134 225 2198; x_wconf 87' lang='lat' dir='ltr'>libro</span> <span class='ocrx_word' id='word_1_144' title='bbox 247 2135 486 2223; x_wconf 87' lang='lat' dir='ltr'>comprehensa</span> <span class='ocrx_word' id='word_1_145' title='bbox 505 2135 694 2200; x_wconf 88' lang='lat' dir='ltr'>habeamus.</span> <span class='ocrx_word' id='word_1_146' title='bbox 717 2137 786 2200; x_wconf 82' lang='lat' dir='ltr'>Nisi</span> <span class='ocrx_word' id='word_1_147' title='bbox 809 2137 898 2199; x_wconf 87' lang='lat' dir='ltr'>enim</span> <span class='ocrx_word' id='word_1_148' title='bbox 917 2137 1085 2199; x_wconf 86' lang='lat' dir='ltr'>literarum</span> <span class='ocrx_word' id='word_1_149' title='bbox 1103 2138 1185 2200; x_wconf 91' lang='lat' dir='ltr'>anti-</span> 
     </span>
     <span class='ocr_line' id='line_1_19' title="bbox 144 2240 1259 2331; baseline 0.004 -28"><span class='ocrx_word' id='word_1_150' title='bbox 144 2263 283 2328; x_wconf 89' lang='lat' dir='ltr'>quarum</span> <span class='ocrx_word' id='word_1_151' title='bbox 295 2240 405 2305; x_wconf 86' lang='lat' dir='ltr'>studio</span> <span class='ocrx_word' id='word_1_152' title='bbox 419 2241 480 2306; x_wconf 89' lang='lat' dir='ltr'>hac</span> <span class='ocrx_word' id='word_1_153' title='bbox 493 2258 551 2305; x_wconf 90' lang='lat' dir='ltr'>aut</span> <span class='ocrx_word' id='word_1_154' title='bbox 560 2243 657 2305; x_wconf 89' lang='lat' dir='ltr'>simili</span> <span class='ocrx_word' id='word_1_155' title='bbox 669 2242 731 2304; x_wconf 89' lang='lat' dir='ltr'>alia</span> <span class='ocrx_word' id='word_1_156' title='bbox 745 2242 871 2305; x_wconf 85' lang='lat' dir='ltr'>ratione</span> <span class='ocrx_word' id='word_1_157' title='bbox 886 2259 1103 2321; x_wconf 88' lang='lat' dir='ltr'>succurratur,</span> <span class='ocrx_word' id='word_1_158' title='bbox 1120 2265 1185 2331; x_wconf 87' lang='lat' dir='ltr'>qua</span> <span class='ocrx_word' id='word_1_159' title='bbox 1255 2284 1259 2295; x_wconf 71' lang='lat'>=</span> 
     </span>
     <span class='ocr_line' id='line_1_20' title="bbox 143 2348 1184 2434; baseline 0.004 -27"><span class='ocrx_word' id='word_1_160' title='bbox 143 2364 334 2411; x_wconf 87' lang='lat' dir='ltr'>resecentur</span> <span class='ocrx_word' id='word_1_161' title='bbox 347 2348 474 2411; x_wconf 85' lang='lat' dir='ltr'>inutilia</span> <span class='ocrx_word' id='word_1_162' title='bbox 488 2365 521 2411; x_wconf 90' lang='lat' dir='ltr'>et</span> <span class='ocrx_word' id='word_1_163' title='bbox 534 2370 552 2410; x_wconf 88' lang='lat' dir='ltr'>a</span> <span class='ocrx_word' id='word_1_164' title='bbox 567 2349 671 2411; x_wconf 90' lang='lat' dir='ltr'>nostri</span> <span class='ocrx_word' id='word_1_165' title='bbox 685 2348 794 2412; x_wconf 70' lang='lat' dir='ltr'>sacculi</span> <span class='ocrx_word' id='word_1_166' title='bbox 809 2348 900 2411; x_wconf 91' lang='lat' dir='ltr'>cultu</span> <span class='ocrx_word' id='word_1_167' title='bbox 911 2371 949 2412; x_wconf 90' lang='lat' dir='ltr'>ac</span> <span class='ocrx_word' id='word_1_168' title='bbox 959 2349 1056 2434; x_wconf 78' lang='lat' dir='ltr'>genio</span> <span class='ocrx_word' id='word_1_169' title='bbox 1068 2348 1184 2427; x_wconf 88' lang='lat' dir='ltr'>aliena,</span> 
     </span>
     <span class='ocr_line' id='line_1_21' title="bbox 144 2451 1188 2542; baseline 0.003 -28"><span class='ocrx_word' id='word_1_170' title='bbox 144 2451 338 2541; x_wconf 76' lang='lat' dir='ltr'>adjiciantur</span> <span class='ocrx_word' id='word_1_171' title='bbox 348 2471 457 2516; x_wconf 91' lang='lat' dir='ltr'>autem</span> <span class='ocrx_word' id='word_1_172' title='bbox 472 2476 510 2517; x_wconf 88' lang='lat' dir='ltr'>ea</span> <span class='ocrx_word' id='word_1_173' title='bbox 525 2475 597 2542; x_wconf 85' lang='lat' dir='ltr'>quae</span> <span class='ocrx_word' id='word_1_174' title='bbox 611 2453 689 2518; x_wconf 92' lang='lat' dir='ltr'>huic</span> <span class='ocrx_word' id='word_1_175' title='bbox 703 2454 871 2516; x_wconf 88' lang='lat' dir='ltr'>literarum</span> <span class='ocrx_word' id='word_1_176' title='bbox 886 2454 968 2533; x_wconf 90' lang='lat' dir='ltr'>luci,</span> <span class='ocrx_word' id='word_1_177' title='bbox 990 2453 1068 2518; x_wconf 92' lang='lat' dir='ltr'>huic</span> <span class='ocrx_word' id='word_1_178' title='bbox 1081 2454 1188 2541; x_wconf 88' lang='lat' dir='ltr'>poeti·</span> 
     </span>
     <span class='ocr_line' id='line_1_22' title="bbox 145 2557 1187 2647; baseline 0.003 -27"><span class='ocrx_word' id='word_1_179' title='bbox 145 2579 195 2620; x_wconf 87' lang='lat' dir='ltr'>ces</span> <span class='ocrx_word' id='word_1_180' title='bbox 210 2574 244 2619; x_wconf 92' lang='lat' dir='ltr'>et</span> <span class='ocrx_word' id='word_1_181' title='bbox 257 2558 378 2621; x_wconf 91' lang='lat' dir='ltr'>artium</span> <span class='ocrx_word' id='word_1_182' title='bbox 392 2558 596 2645; x_wconf 83' lang='lat' dir='ltr'>expolitioni,</span> <span class='ocrx_word' id='word_1_183' title='bbox 609 2559 752 2623; x_wconf 89' lang='lat' dir='ltr'>acumini</span> <span class='ocrx_word' id='word_1_184' title='bbox 766 2557 983 2647; x_wconf 66' lang='lat' dir='ltr'>philosophice</span> <span class='ocrx_word' id='word_1_185' title='bbox 996 2559 1140 2624; x_wconf 88' lang='lat' dir='ltr'>melioris</span> <span class='ocrx_word' id='word_1_186' title='bbox 1153 2576 1187 2623; x_wconf 92' lang='lat' dir='ltr'>et</span> 
     </span>
     <span class='ocr_line' id='line_1_23' title="bbox 144 2657 1186 2751; baseline 0.003 -27"><span class='ocrx_word' id='word_1_187' title='bbox 144 2657 287 2724; x_wconf 85' lang='lat' dir='ltr'>historiae</span> <span class='ocrx_word' id='word_1_188' title='bbox 313 2661 463 2726; x_wconf 90' lang='lat' dir='ltr'>subtilius</span> <span class='ocrx_word' id='word_1_189' title='bbox 488 2677 652 2741; x_wconf 83' lang='lat' dir='ltr'>tractatae,</span> <span class='ocrx_word' id='word_1_190' title='bbox 676 2663 824 2728; x_wconf 81' lang='lat' dir='ltr'>varietati</span> <span class='ocrx_word' id='word_1_191' title='bbox 847 2681 880 2726; x_wconf 88' lang='lat' dir='ltr'>et</span> <span class='ocrx_word' id='word_1_192' title='bbox 902 2664 1005 2751; x_wconf 86' lang='lat' dir='ltr'>copiae</span> <span class='ocrx_word' id='word_1_193' title='bbox 1029 2663 1186 2729; x_wconf 69' lang='lat' dir='ltr'>doctrinae</span> 
     </span>
     <span class='ocr_line' id='line_1_24' title="bbox 145 2769 1186 2858; baseline 0 -25"><span class='ocrx_word' id='word_1_194' title='bbox 145 2785 364 2835; x_wconf 84' lang='lat' dir='ltr'>consentanea</span> <span class='ocrx_word' id='word_1_195' title='bbox 378 2771 457 2848; x_wconf 88' lang='lat' dir='ltr'>sint,</span> <span class='ocrx_word' id='word_1_196' title='bbox 473 2770 535 2832; x_wconf 91' lang='lat' dir='ltr'>nisi</span> <span class='ocrx_word' id='word_1_197' title='bbox 549 2769 740 2834; x_wconf 88' lang='lat' dir='ltr'>minuantur</span> <span class='ocrx_word' id='word_1_198' title='bbox 752 2793 852 2858; x_wconf 88' lang='lat' dir='ltr'>porro</span> <span class='ocrx_word' id='word_1_199' title='bbox 867 2787 994 2834; x_wconf 88' lang='lat' dir='ltr'>sumtus</span> <span class='ocrx_word' id='word_1_200' title='bbox 1009 2771 1042 2833; x_wconf 90' lang='lat' dir='ltr'>in</span> <span class='ocrx_word' id='word_1_201' title='bbox 1054 2788 1104 2834; x_wconf 89' lang='lat' dir='ltr'>tot</span> <span class='ocrx_word' id='word_1_202' title='bbox 1116 2770 1186 2835; x_wconf 94' lang='lat' dir='ltr'>edi-</span> 
     </span>
     <span class='ocr_line' id='line_1_25' title="bbox 145 2875 1188 2966; baseline 0.002 -26"><span class='ocrx_word' id='word_1_203' title='bbox 145 2877 264 2955; x_wconf 90' lang='lat' dir='ltr'>tiones,</span> <span class='ocrx_word' id='word_1_204' title='bbox 282 2899 362 2965; x_wconf 91' lang='lat' dir='ltr'>quas</span> <span class='ocrx_word' id='word_1_205' title='bbox 377 2878 439 2940; x_wconf 92' lang='lat' dir='ltr'>nisi</span> <span class='ocrx_word' id='word_1_206' title='bbox 455 2899 568 2941; x_wconf 88' lang='lat' dir='ltr'>omnes</span> <span class='ocrx_word' id='word_1_207' title='bbox 583 2875 625 2940; x_wconf 90' lang='lat' dir='ltr'>ad</span> <span class='ocrx_word' id='word_1_208' title='bbox 640 2900 775 2941; x_wconf 91' lang='lat' dir='ltr'>manum</span> <span class='ocrx_word' id='word_1_209' title='bbox 795 2877 964 2957; x_wconf 83' lang='lat' dir='ltr'>habueris,</span> <span class='ocrx_word' id='word_1_210' title='bbox 987 2900 1101 2966; x_wconf 86' lang='lat' dir='ltr'>sapere</span> <span class='ocrx_word' id='word_1_211' title='bbox 1118 2902 1188 2942; x_wconf 88' lang='lat' dir='ltr'>non</span> 
     </span>
     <span class='ocr_line' id='line_1_26' title="bbox 144 2980 1188 3072; baseline 0.002 -27"><span class='ocrx_word' id='word_1_212' title='bbox 144 2980 233 3060; x_wconf 88' lang='lat' dir='ltr'>licet,</span> <span class='ocrx_word' id='word_1_213' title='bbox 256 2982 356 3071; x_wconf 92' lang='lat' dir='ltr'>inque</span> <span class='ocrx_word' id='word_1_214' title='bbox 376 3000 504 3047; x_wconf 85' lang='lat' dir='ltr'>tantum</span> <span class='ocrx_word' id='word_1_215' title='bbox 522 2982 683 3049; x_wconf 89' lang='lat' dir='ltr'>librorum</span> <span class='ocrx_word' id='word_1_216' title='bbox 703 2983 908 3047; x_wconf 81' lang='lat' dir='ltr'>auxiliarium</span> <span class='ocrx_word' id='word_1_217' title='bbox 927 3000 1120 3072; x_wconf 84' lang='lat' dir='ltr'>apparatum</span> <span class='ocrx_word' id='word_1_218' title='bbox 1139 2986 1188 3047; x_wconf 86' lang='lat' dir='ltr'>fa-</span> 
     </span>
     <span class='ocr_line' id='line_1_27' title="bbox 146 3087 1188 3166; baseline 0.002 -15"><span class='ocrx_word' id='word_1_219' title='bbox 146 3087 271 3166; x_wconf 77' lang='lat' dir='ltr'>ciendi,</span> <span class='ocrx_word' id='word_1_220' title='bbox 284 3106 482 3153; x_wconf 88' lang='lat' dir='ltr'>revocentur</span> <span class='ocrx_word' id='word_1_221' title='bbox 494 3111 573 3153; x_wconf 86' lang='lat' dir='ltr'>vero</span> <span class='ocrx_word' id='word_1_222' title='bbox 586 3090 732 3152; x_wconf 89' lang='lat' dir='ltr'>virorum</span> <span class='ocrx_word' id='word_1_223' title='bbox 747 3088 922 3154; x_wconf 86' lang='lat' dir='ltr'>doctorum</span> <span class='ocrx_word' id='word_1_224' title='bbox 937 3089 1044 3154; x_wconf 88' lang='lat' dir='ltr'>studia</span> <span class='ocrx_word' id='word_1_225' title='bbox 1060 3090 1102 3153; x_wconf 91' lang='lat' dir='ltr'>ad</span> <span class='ocrx_word' id='word_1_226' title='bbox 1117 3113 1188 3155; x_wconf 87' lang='lat' dir='ltr'>cer·</span> 
     </span>
     <span class='ocr_line' id='line_1_28' title="bbox 145 3192 1189 3283; baseline 0.001 -26"><span class='ocrx_word' id='word_1_227' title='bbox 145 3209 214 3257; x_wconf 85' lang='lat' dir='ltr'>tum</span> <span class='ocrx_word' id='word_1_228' title='bbox 226 3217 265 3258; x_wconf 88' lang='lat' dir='ltr'>ac</span> <span class='ocrx_word' id='word_1_229' title='bbox 280 3192 453 3258; x_wconf 89' lang='lat' dir='ltr'>definitum</span> <span class='ocrx_word' id='word_1_230' title='bbox 465 3194 565 3258; x_wconf 85' lang='lat' dir='ltr'>finem</span> <span class='ocrx_word' id='word_1_231' title='bbox 580 3211 613 3258; x_wconf 91' lang='lat' dir='ltr'>et</span> <span class='ocrx_word' id='word_1_232' title='bbox 628 3217 740 3272; x_wconf 89' lang='lat' dir='ltr'>usum,</span> <span class='ocrx_word' id='word_1_233' title='bbox 756 3195 1062 3283; x_wconf 84' lang='lat' dir='ltr'>constituanturque</span> <span class='ocrx_word' id='word_1_234' title='bbox 1078 3196 1189 3258; x_wconf 84' lang='lat' dir='ltr'>omnia</span> 
     </span>
     <span class='ocr_line' id='line_1_29' title="bbox 146 3298 1188 3388; baseline -0.001 -26"><span class='ocrx_word' id='word_1_235' title='bbox 146 3299 202 3377; x_wconf 88' lang='lat' dir='ltr'>sic,</span> <span class='ocrx_word' id='word_1_236' title='bbox 219 3316 258 3362; x_wconf 86' lang='lat' dir='ltr'>ut</span> <span class='ocrx_word' id='word_1_237' title='bbox 268 3315 301 3363; x_wconf 90' lang='lat' dir='ltr'>et</span> <span class='ocrx_word' id='word_1_238' title='bbox 315 3299 353 3363; x_wconf 87' lang='lat' dir='ltr'>iis</span> <span class='ocrx_word' id='word_1_239' title='bbox 368 3298 535 3388; x_wconf 88' lang='lat' dir='ltr'>capiendis</span> <span class='ocrx_word' id='word_1_240' title='bbox 549 3321 609 3387; x_wconf 86' lang='lat' dir='ltr'>par</span> <span class='ocrx_word' id='word_1_241' title='bbox 623 3299 664 3363; x_wconf 90' lang='lat' dir='ltr'>sit</span> <span class='ocrx_word' id='word_1_242' title='bbox 674 3299 802 3363; x_wconf 88' lang='lat' dir='ltr'>animus</span> <span class='ocrx_word' id='word_1_243' title='bbox 817 3316 850 3364; x_wconf 88' lang='lat' dir='ltr'>et</span> <span class='ocrx_word' id='word_1_244' title='bbox 864 3322 942 3363; x_wconf 87' lang='lat' dir='ltr'>vero</span> <span class='ocrx_word' id='word_1_245' title='bbox 958 3301 1056 3362; x_wconf 88' lang='lat' dir='ltr'>etiam</span> <span class='ocrx_word' id='word_1_246' title='bbox 1070 3300 1188 3364; x_wconf 87' lang='lat' dir='ltr'>ceteris</span> 
     </span>
     <span class='ocr_line' id='line_1_30' title="bbox 147 3401 1224 3493; baseline 0 -27"><span class='ocrx_word' id='word_1_247' title='bbox 147 3401 326 3492; x_wconf 90' lang='lat' dir='ltr'>disciplinis</span> <span class='ocrx_word' id='word_1_248' title='bbox 340 3405 560 3493; x_wconf 90' lang='lat' dir='ltr'>percipiendis</span> <span class='ocrx_word' id='word_1_249' title='bbox 575 3405 650 3469; x_wconf 91' lang='lat' dir='ltr'>satis</span> <span class='ocrx_word' id='word_1_250' title='bbox 665 3423 753 3470; x_wconf 88' lang='lat' dir='ltr'>recte</span> <span class='ocrx_word' id='word_1_251' title='bbox 766 3428 880 3470; x_wconf 84' lang='lat' dir='ltr'>vocare</span> <span class='ocrx_word' id='word_1_252' title='bbox 895 3406 1015 3492; x_wconf 88' lang='lat' dir='ltr'>possit:</span> <span class='ocrx_word' id='word_1_253' title='bbox 1034 3404 1120 3482; x_wconf 80' lang='lat' dir='ltr'>haec,</span> <span class='ocrx_word' id='word_1_254' title='bbox 1141 3405 1191 3467; x_wconf 88' lang='lat' dir='ltr'>in·</span> <span class='ocrx_word' id='word_1_255' title='bbox 1221 3458 1224 3465; x_wconf 82' lang='lat'><em>.</em></span> 
     </span>
     <span class='ocr_line' id='line_1_31' title="bbox 148 3508 1191 3599; baseline 0.001 -25"><span class='ocrx_word' id='word_1_256' title='bbox 148 3532 260 3597; x_wconf 87' lang='lat' dir='ltr'>quam,</span> <span class='ocrx_word' id='word_1_257' title='bbox 280 3511 343 3574; x_wconf 92' lang='lat' dir='ltr'>nisi</span> <span class='ocrx_word' id='word_1_258' title='bbox 361 3528 487 3575; x_wconf 88' lang='lat' dir='ltr'>mature</span> <span class='ocrx_word' id='word_1_259' title='bbox 506 3510 755 3599; x_wconf 82' lang='lat' dir='ltr'>provideantur,</span> <span class='ocrx_word' id='word_1_260' title='bbox 775 3533 892 3574; x_wconf 89' lang='lat' dir='ltr'>vereor</span> <span class='ocrx_word' id='word_1_261' title='bbox 907 3534 948 3574; x_wconf 88' lang='lat' dir='ltr'>ne</span> <span class='ocrx_word' id='word_1_262' title='bbox 963 3510 1109 3575; x_wconf 89' lang='lat' dir='ltr'>studium</span> <span class='ocrx_word' id='word_1_263' title='bbox 1124 3508 1191 3575; x_wconf 90' lang='lat' dir='ltr'>hoc</span> 
     </span>
     <span class='ocr_line' id='line_1_32' title="bbox 150 3615 1192 3705; baseline 0.002 -28"><span class='ocrx_word' id='word_1_264' title='bbox 150 3637 326 3701; x_wconf 74' lang='lat' dir='ltr'>graecarum</span> <span class='ocrx_word' id='word_1_265' title='bbox 341 3634 373 3680; x_wconf 91' lang='lat' dir='ltr'>et</span> <span class='ocrx_word' id='word_1_266' title='bbox 386 3615 560 3680; x_wconf 85' lang='lat' dir='ltr'>latinarum</span> <span class='ocrx_word' id='word_1_267' title='bbox 575 3617 742 3680; x_wconf 89' lang='lat' dir='ltr'>literarum</span> <span class='ocrx_word' id='word_1_268' title='bbox 757 3615 863 3680; x_wconf 88' lang='lat' dir='ltr'>indies</span> <span class='ocrx_word' id='word_1_269' title='bbox 879 3617 912 3679; x_wconf 92' lang='lat' dir='ltr'>in</span> <span class='ocrx_word' id='word_1_270' title='bbox 932 3616 1090 3705; x_wconf 87' lang='lat' dir='ltr'>majorem</span> <span class='ocrx_word' id='word_1_271' title='bbox 1112 3637 1192 3679; x_wconf 91' lang='lat' dir='ltr'>con-</span> 
     </span>
     <span class='ocr_line' id='line_1_33' title="bbox 151 3720 1190 3810; baseline 0.001 -28"><span class='ocrx_word' id='word_1_272' title='bbox 151 3736 286 3785; x_wconf 86' lang='lat' dir='ltr'>temtum</span> <span class='ocrx_word' id='word_1_273' title='bbox 300 3721 483 3788; x_wconf 87' lang='lat' dir='ltr'>adducatur</span> <span class='ocrx_word' id='word_1_274' title='bbox 498 3745 516 3786; x_wconf 89' lang='lat' dir='ltr'>a</span> <span class='ocrx_word' id='word_1_275' title='bbox 530 3723 612 3809; x_wconf 28' lang='lat' dir='ltr'>viris·</span> <span class='ocrx_word' id='word_1_276' title='bbox 621 3721 854 3810; x_wconf 87' lang='lat' dir='ltr'>prudentibus,</span> <span class='ocrx_word' id='word_1_277' title='bbox 880 3744 938 3786; x_wconf 90' lang='lat' dir='ltr'>seu</span> <span class='ocrx_word' id='word_1_278' title='bbox 958 3722 1015 3809; x_wconf 91' lang='lat' dir='ltr'>qui</span> <span class='ocrx_word' id='word_1_279' title='bbox 1034 3720 1096 3784; x_wconf 87' lang='lat' dir='ltr'>sibi</span> <span class='ocrx_word' id='word_1_280' title='bbox 1112 3743 1190 3807; x_wconf 91' lang='lat' dir='ltr'>pru-</span> 
     </span>
     <span class='ocr_line' id='line_1_34' title="bbox 153 3823 1188 3917; baseline 0 -29"><span class='ocrx_word' id='word_1_281' title='bbox 153 3823 263 3892; x_wconf 88' lang='lat' dir='ltr'>dentes</span> <span class='ocrx_word' id='word_1_282' title='bbox 277 3826 445 3906; x_wconf 87' lang='lat' dir='ltr'>videntur,</span> <span class='ocrx_word' id='word_1_283' title='bbox 460 3829 517 3917; x_wconf 91' lang='lat' dir='ltr'>qui</span> <span class='ocrx_word' id='word_1_284' title='bbox 532 3829 640 3890; x_wconf 88' lang='lat' dir='ltr'>omnia</span> <span class='ocrx_word' id='word_1_285' title='bbox 652 3826 694 3890; x_wconf 88' lang='lat' dir='ltr'>ad</span> <span class='ocrx_word' id='word_1_286' title='bbox 709 3828 783 3890; x_wconf 86' lang='lat' dir='ltr'>vitae</span> <span class='ocrx_word' id='word_1_287' title='bbox 802 3849 899 3890; x_wconf 88' lang='lat' dir='ltr'>usum</span> <span class='ocrx_word' id='word_1_288' title='bbox 916 3827 1038 3889; x_wconf 87' lang='lat' dir='ltr'>referre</span> <span class='ocrx_word' id='word_1_289' title='bbox 1053 3825 1188 3903; x_wconf 85' lang='lat' dir='ltr'>volunt,</span> 
     </span>
     <span class='ocr_line' id='line_1_35' title="bbox 155 3929 1189 4020; baseline -0.001 -28"><span class='ocrx_word' id='word_1_290' title='bbox 155 3952 210 3996; x_wconf 89' lang='lat' dir='ltr'>nec</span> <span class='ocrx_word' id='word_1_291' title='bbox 223 3932 341 4011; x_wconf 90' lang='lat' dir='ltr'>literis,</span> <span class='ocrx_word' id='word_1_292' title='bbox 358 3933 419 3998; x_wconf 87' lang='lat' dir='ltr'>nisi</span> <span class='ocrx_word' id='word_1_293' title='bbox 435 3956 474 3997; x_wconf 85' lang='lat' dir='ltr'>ex</span> <span class='ocrx_word' id='word_1_294' title='bbox 492 3932 638 3996; x_wconf 88' lang='lat' dir='ltr'>utilitatis</span> <span class='ocrx_word' id='word_1_295' title='bbox 657 3954 777 4009; x_wconf 84' lang='lat' dir='ltr'>messe,</span> <span class='ocrx_word' id='word_1_296' title='bbox 799 3953 872 4020; x_wconf 88' lang='lat' dir='ltr'>quae</span> <span class='ocrx_word' id='word_1_297' title='bbox 889 3954 965 3995; x_wconf 90' lang='lat' dir='ltr'>cum</span> <span class='ocrx_word' id='word_1_298' title='bbox 980 3931 1048 4017; x_wconf 84' lang='lat' dir='ltr'>ipsa</span> <span class='ocrx_word' id='word_1_299' title='bbox 1063 3929 1189 3992; x_wconf 88' lang='lat' dir='ltr'>satione</span> 
     </span>
     <span class='ocr_line' id='line_1_36' title="bbox 158 4033 1190 4131; baseline 0.003 -33"><span class='ocrx_word' id='word_1_300' title='bbox 158 4039 257 4102; x_wconf 86' lang='lat' dir='ltr'>statim</span> <span class='ocrx_word' id='word_1_301' title='bbox 271 4039 447 4131; x_wconf 85' lang='lat' dir='ltr'>conjuncta</span> <span class='ocrx_word' id='word_1_302' title='bbox 461 4040 515 4124; x_wconf 89' lang='lat' dir='ltr'>sit,</span> <span class='ocrx_word' id='word_1_303' title='bbox 528 4039 673 4130; x_wconf 87' lang='lat' dir='ltr'>pretium</span> <span class='ocrx_word' id='word_1_304' title='bbox 684 4054 841 4105; x_wconf 87' lang='lat' dir='ltr'>statuunt.</span> <span class='ocrx_word' id='word_1_305' title='bbox 857 4038 906 4104; x_wconf 82' lang='lat' dir='ltr'>Ne</span> <span class='ocrx_word' id='word_1_306' title='bbox 921 4033 1002 4111; x_wconf 69' lang='lat' dir='ltr'>itud</span> <span class='ocrx_word' id='word_1_307' title='bbox 1017 4057 1105 4104; x_wconf 85' lang='lat' dir='ltr'>nunc</span> <span class='ocrx_word' id='word_1_308' title='bbox 1121 4057 1190 4101; x_wconf 85' lang='lat' dir='ltr'>mo·</span> 
     </span>
    </p>
   </div>
   <div class='ocr_carea' id='block_1_3' title="bbox 0 0 1357 4824">
    <p class='ocr_par' dir='ltr' id='par_1_3' title="bbox 0 0 1357 4824">
     <span class='ocr_line' id='line_1_37' title="bbox 0 0 1357 4824; baseline 0 0"><span class='ocrx_word' id='word_1_309' title='bbox 0 0 1357 4824; x_wconf 95' lang='lat' dir='ltr'> </span> 
     </span>
    </p>
   </div>
  </div>
 </body>
</html>
