2670 4824
187 392 191 401 ·
239 364 259 445 4
458 374 462 385 ·
626 360 893 463 rnnrlrro

151 512 154 517 ·
237 488 398 556 matione
420 480 666 573 habebantur,
696 504 857 558 curaret:
887 488 1071 558 Ernestius
1093 485 1285 586 negotium

236 597 330 668 mihi
347 602 586 694 imposuerat'3
604 601 710 697 cujus
727 605 938 672 auctoritate
951 618 985 672 et
1001 601 1154 672 consilio
1166 606 1283 672 victus

236 709 331 780 illud
355 716 393 781 in
416 738 474 781 me
498 716 632 809 recepi,
659 717 722 785 etsi
748 731 827 784 tum
853 739 975 785 recens
998 713 1120 785 adhuc
1144 718 1183 784 in
1208 713 1283 784 boe

183 900 188 909 ¹
235 820 423 897 literarum
441 852 584 924 genere,
602 854 668 897 nee
688 832 756 897 nisi
774 853 892 924 nuper
912 827 1119 898 academico
1135 830 1282 897 muneri

235 934 429 1027 admotus,
460 944 544 1028 eui,
572 941 710 1012 viribus
740 945 903 1038 eorporis
934 943 1143 1037 ingeniique
1170 938 1282 1036 longa
1305 964 1310 975 ¹

233 1052 502 1150 multiplicique
527 1079 691 1125 aerumna
715 1053 852 1143 fractis,
878 1055 1048 1124 nondum
1074 1078 1198 1151 parem
1221 1078 1281 1122 me

234 1191 306 1236 esse
320 1166 527 1237 sentiebam.
545 1169 640 1238 Cum
653 1171 714 1255 ita,
727 1167 915 1238 voluntate
927 1193 1004 1238 non
1019 1170 1104 1238 satis
1111 1166 1280 1264 proclivi,

233 1306 310 1351 rem
333 1285 566 1376 suscepissem
574 1275 598 1383 ’,Ι
610 1281 774 1352 studium
793 1306 942 1378 quoque
962 1305 1087 1373 meum
1099 1374 1101 1378 y
1113 1279 1281 1350 retunde-

232 1393 340 1465 batur
349 1395 503 1492 judicie,
515 1394 616 1491 quod
629 1395 674 1464 de
687 1394 752 1465 illo
765 1421 895 1493 genere
906 1411 1077 1469 notarum
1092 1392 1280 1483 fovebam3

233 1512 365 1579 etenim
389 1508 435 1579 ad
461 1507 629 1579 subtilem
655 1505 878 1606 diligentiam
897 1508 991 1578 illud
1016 1511 1077 1578 vix
1099 1505 1280 1577 adducere

232 1647 296 1692 seu
314 1638 637 1692 commentatorem
660 1647 723 1692 seu
745 1621 1044 1718 lectorem'pesse
1064 1619 1279 1710 videbatur,

232 1751 446 1806 contentum
468 1753 669 1832 utrumque
689 1739 731 1806 iis
753 1739 866 1832 copiis
887 1760 969 1833 quae
989 1734 1036 1804 ad
1055 1759 1208 1804 manum
1226 1759 1280 1804 es-

231 1866 326 1937 sent,
356 1875 421 1919 nee
437 1852 608 1946 ,penitius
633 1852 673 1919 in
698 1865 813 1946 poetae
838 1848 1060 1935 doctrinam,
1091 1847 1278 1938 studium,

231 1979 361 2051 artem,
376 1988 412 2034 se
426 1966 683 2034 insinuantem.
702 1965 772 2032 Vix
788 1967 909 2059 itaque
921 1988 1013 2058 opus
1030 1966 1229 2058 ingressus,
1250 1966 1280 2032 si

231 2077 277 2148 ad
298 2081 550 2175 praescriptum
566 2075 660 2146 illud
675 2080 819 2173 exsequi
834 2075 985 2163 vellem,
1004 2075 1112 2146 taedio
1126 2073 1279 2146 ferendo

231 2217 291 2261 me
307 2195 483 2289 imparem
499 2217 572 2262 esse
585 2194 696 2278 sensi,
715 2193 910 2289 primoque
923 2205 1135 2267 cunctanter
1151 2214 1279 2261 meum

231 2331 379 2376 sensum
394 2333 435 2376 ac
448 2305 633 2402 judicium
645 2331 727 2375 sum
742 2318 930 2401 sequutus,
946 2303 1092 2373 tandem
1104 2307 1144 2372 in
1160 2305 1278 2372 AEneiss

232 2418 276 2487 de
290 2443 438 2514 prorsus
455 2416 548 2487 mihi
565 2421 632 2513 ipsi
648 2416 904 2513 obtemperavi.
925 2419 979 2487 lta
998 2434 1120 2487 autem
1138 2419 1278 2504 evenit,

231 2546 272 2612 ut
303 2556 413 2627 opera
440 2557 520 2600 mea
543 2528 773 2626 aliquantum
800 2530 921 2627 dispar
945 2548 1033 2601 esset
1060 2533 1278 2626 comparatis

230 2643 373 2743 Eclogis
388 2660 421 2713 et
435 2644 620 2741 Georgicis
637 2670 723 2714 cum
740 2644 909 2734 AEncide3
934 2670 1000 2714 nec
1019 2648 1088 2714 nisi
1111 2646 1149 2712 in
1172 2669 1279 2740 repe·

230 2761 302 2827 titis
319 2756 539 2827 editionibus
556 2757 602 2828 ad
617 2758 776 2829 eundem
791 2757 988 2829 modulum
1006 2760 1130 2829 omnia
1144 2762 1280 2828 consti-

231 2885 332 2944 tuere
345 2868 561 2958 allaboravi;
584 2876 646 2943 etsi
667 2871 724 2942 vel
737 2876 792 2967 ,sie
814 2871 906 2943 bene
922 2870 1079 2943 intellexi
1095 2896 1279 2968 superesse

233 3010 370 3072 naevos,
394 3009 486 3082 quos
510 2989 653 3082 penitus
673 2985 793 3057 eluere
816 2990 876 3057 vix
894 2986 1035 3073 liceret,
1061 2990 1100 3056 in
1124 3011 1280 3082 corpore

231 3084 278 3173 ad
299 3097 412 3182 aliam,
428 3097 586 3170 formam
606 3101 651 3170 ab
675 3105 779 3170 initio
802 3100 997 3199 designato.
1021 3087 1138 3191 Quod*
1154 3115 1279 3172 tamen

232 3211 353 3302 licuit,
377 3230 533 3312 satagere
554 3213 655 3285 haud
670 3213 803 3313 refugi,
827 3230 883 3302 ut,
901 3217 1040 3311 quoties
1056 3237 1151 3283 nova
1165 3212 1278 3284 editio

232 3346 435 3427 pararetur,
459 3355 535 3400 non
561 3330 674 3400 modo
695 3329 887 3427 relegerem
909 3345 1054 3425 poetam
1080 3352 1166 3396 cum
1186 3331 1279 3398 meis

232 3443 546 3532 annotationibus,
569 3444 631 3515 sed
661 3446 767 3514 etiam
792 3459 1019 3513 retractarem
1045 3441 1126 3511 loca
1148 3439 1279 3512 saltem

232 3562 394 3655 potiora,
423 3574 456 3627 et
484 3559 740 3644 emendarem,
767 3583 849 3654 quae
874 3556 1023 3654 quidem
1046 3553 1280 3637 emendanda

233 3697 305 3745 esse
323 3671 510 3757 videbam,
533 3677 640 3742 etiam
662 3698 720 3759 ea,
745 3670 942 3768 dequibus
963 3674 1125 3741 monitus
1142 3693 1276 3757 essem3

233 3811 273 3857 ea
292 3802 413 3856 autem
434 3789 670 3881 praeterirem,
695 3789 732 3854 in
757 3785 890 3882 quibus
911 3785 1005 3855 male
1023 3809 1134 3854 essem
1151 3807 1277 3878 repre-

233 3894 385 3999 hensus,
402 3924 443 3968 ea
458 3897 700 3996 relinquerem
717 3904 865 3987 intaeta,
882 3898 1015 3996 quibus
1030 3896 1180 3967 meliora
1195 3920 1287 3985 non,

234 3999 342 4086 allata
368 4001 553 4105 vidissem,
582 4013 881 4113 obliviscererque
912 4041 954 4085 ea
982 4038 1064 4112 quae
1092 4013 1278 4082 exanimi
