2670 4824
154 373 195 440 ts
541 368 801 439 inanimo
862 322 866 329 ’

153 491 302 583 inprimis
317 506 353 556 ut
367 489 630 558 emendatissime
645 515 796 581 expressa
814 507 922 558 essent
940 492 982 559 ab
995 493 1105 584 operis
1119 513 1184 563 orno

152 601 215 663 nia.
230 600 312 662 Cum
323 598 355 660 in
366 614 520 661 contextu
529 615 635 686 poetae
648 597 817 664 inductam
826 597 867 662 ab
878 601 1015 665 Heinsio
1024 601 1185 667 scribendi

152 705 311 767 rationem
326 702 448 765 nollem
461 701 626 781 deserere,
640 726 705 791 qua
719 702 761 767 de
775 725 810 768 re
826 720 941 791 postea
957 704 1100 788 (licetur,
1116 708 1186 771 reti·

152 808 210 870 nui
224 808 258 870 in
272 807 358 870 notis
371 806 507 870 alteram
520 807 717 886 sollennem,
731 829 804 896 quae
819 809 932 896 etipsa
946 808 1115 875 interdum
1128 834 1185 899 pro

152 911 366 975 illustratione
381 932 451 975 esse
466 912 596 997 potest(
620 914 640 994 ).

102 1070 105 1075 ,
196 1014 371 1080 induxerat
382 1015 416 1078 in
425 1016 573 1080 animum
584 1015 744 1095 librarius,
757 1014 915 1082 honestus
927 1017 986 1095 vir,
998 1036 1187 1084 ornamenta

151 1118 272 1185 addere
286 1121 364 1185 huic
376 1118 512 1183 editioni
526 1119 638 1206 figuris
653 1141 717 1184 aere
727 1123 895 1208 expressis.
911 1123 985 1186 Non
995 1123 1087 1188 soleo
1100 1126 1188 1213 equi·

147 1224 227 1304 ‚dem
238 1225 315 1291 huic
324 1224 484 1289 librorum
493 1224 598 1310 pretia
607 1222 1039 1290 excandefaciendiconsilio
1047 1227 1187 1292 multum

150 1328 310 1409 tribuere3
326 1329 461 1395 omnino
475 1328 563 1391 enim
581 1326 692 1391 aluxu
710 1327 774 1392 hoc
794 1329 1050 1417 typographico,
1068 1331 1104 1394 in
1122 1353 1187 1420 quo

149 1453 260 1499 nostra
274 1452 349 1498 aetas
365 1433 427 1498 sibi
443 1433 565 1521 placet,
588 1454 704 1519 parum
719 1432 866 1497 utilitatis
876 1432 917 1497 ad
932 1435 1017 1522 ipsus
1031 1435 1142 1502 literas
1156 1453 1188 1501 et

148 1539 329 1604 literatores
350 1537 512 1627 proficisci
526 1536 643 1614 vide03
665 1535 1016 1626 quandoquidem-non
1031 1542 1095 1605 nisi
1110 1564 1188 1629 opu·

148 1642 244 1708 lentis
254 1643 443 1709 hominibus
452 1642 527 1706 talia
541 1663 655 1729 parare
664 1642 757 1722 licet3
773 1660 887 1713 emunt
899 1661 1009 1709 autem
1019 1646 1067 1709 illi
1078 1645 1188 1712 studio

149 1770 248 1827 vano,
270 1766 306 1814 ut
327 1749 361 1811 in
380 1747 516 1835 pulpitis
539 1763 573 1810 et
592 1746 743 1811 cancellis
766 1749 924 1835 pretiosas
945 1748 1004 1815 bas
1029 1773 1127 1839 opes,
1146 1774 1188 1817 ne

150 1853 310 1942 inspectas
325 1832 474 1942 quide'm,
488 1848 679 1930 occludant;
699 1853 792 1915 nolui
807 1856 917 1917 tarn'en
932 1851 1047 1919 deesse
1064 1855 1188 1922 librarii

148 1959 246 2037 votis,
262 1974 364 2046 utque
377 1957 486 2045 aliqua
497 1955 613 2020 saltem
626 1955 741 2019 lectori
756 1978 832 2020 cum
843 1958 1010 2046 voluptate
1019 1976 1189 2046 pararetur

148 2063 286 2140 utilitas,
305 2061 477 2150 diligenter
495 2059 679 2148 conquisivi
698 2075 731 2122 et
751 2058 859 2148 delegi
877 2079 1093 2128 monumenta
1108 2065 1189 2129 anti·

149 2191 229 2257 qua,
246 2189 319 2257 quae
333 2190 409 2231 cum
423 2187 520 2230 versu
533 2159 645 2252 aliquo
662 2163 842 2251 Virgiliano
855 2165 942 2229 forte
955 2168 1188 2250 convenirent3

148 2272 262 2337 saltem
283 2288 320 2336 ut
341 2271 427 2336 lusui
450 2271 621 2358 ingenioso
639 2268 731 2333 locus
753 2286 847 2334 esset.
869 2269 1000 2360 Subjeci
1017 2273 1188 2342 Volumini

148 2377 264 2441 ultimo
278 2377 386 2441 fontes
399 2376 519 2440 horum
534 2389 815 2454 ornamentorum,
834 2373 923 2440 unde
939 2377 1043 2465 petita
1056 2378 1132 2442 sint·
1145 2377 1187 2443 -1d

149 2480 285 2570 quidem
310 2502 424 2545 cavere
450 2479 561 2556 volui,
585 2500 628 2541 ne
650 2479 685 2540 iu
706 2477 822 2544 eedem
843 2498 1036 2568 argumenta
1055 2482 1188 2549 artificis

148 2608 248 2673 opera
267 2583 439 2662 incideret,
464 2605 537 2671 quae
553 2582 623 2671 jam
638 2582 672 2645 in
689 2580 888 2648 editionibus
906 2607 967 2673 per
983 2588 1197 2675 Kuaptonet

148 2689 288 2778 Sandby‚
302 2687 393 2775 Edge
407 2688 486 2751 Pine
499 2702 532 2751 et
548 2688 650 2750 Henr.
665 2687 789 2752 Justice
801 2690 921 2754 curatis
937 2707 1104 2778 prostant3
1121 2693 1188 2781 ple·

147 2817 251 2884 raque
265 2816 382 2884 parum
400 2810 457 2859 aut
474 2791 557 2857 nihil
569 2789 613 2855 ad
630 2790 803 2878 Virgilium
822 2794 997 2876 facientia,
1015 2797 1080 2861 nisi
1097 2795 1187 2886 quod

184 3043 223 3114 (ι)
253 3045 288 3095 At
307 3055 369 3096 sunt
390 3041 440 3096 alia
462 3041 568 3094 levioris
585 3046 661 3092 mo··
695 3038 796 3113 ubique
815 3039 930 3113 adjicere
948 3041 1059 3096 honoris
1076 3052 1187 3097 caussa:

148 3124 247 3185 menti,
263 3124 291 3173 in
310 3121 407 3192 quibus
419 3120 496 3173 nolui
510 3122 588 3172 nimis
601 3137 643 3170 se·
697 3122 742 3170 Vir
762 3125 797 3174 cl.
816 3135 863 3174 aut
884 3140 939 3194 quo
956 3140 1030 3174 nunc
1048 3139 1078 3175 se
1096 3135 1188 3175 mutuo

147 3219 225 3253 retus
234 3219 299 3268 esse,
307 3205 369 3272 quia
379 3203 445 3252 tanti
455 3220 510 3253 rem
519 3219 575 3251 non
586 3216 641 3250 esee
693 3197 797 3253 honore
808 3202 971 3272 compellent
984 3203 1029 3252 Vir
1037 3205 1080 3254 111.
1092 3203 1189 3255 Totum

146 3280 290 3353 putabam
307 3299 330 3331 v.
350 3299 372 3330 c.
390 3280 464 3352 quod
480 3278 640 3351 syllabarum
693 3278 767 3332 hunc
778 3299 878 3334 morem
890 3279 1022 3345 facetum,
1039 3299 1087 3333 seu
1102 3283 1188 3335 verius

147 3359 277 3411 divisio-et
290 3376 372 3410 nexus
383 3360 416 3410 ab
426 3359 514 3429 operis
527 3356 640 3408 librariis
693 3361 828 3431 ineptum,
850 3378 905 3432 quo
920 3363 1035 3412 coeds’mui
1050 3375 1077 3411 et
1092 3365 1188 3413 totidm

144 3437 178 3490 eo
189 3437 270 3488 modo
280 3438 363 3489 factus
373 3450 421 3503 est,
431 3455 509 3508 quem
518 3454 568 3506 pro
576 3451 640 3486 vero
687 3443 773 3507 plagis
789 3442 946 3492 consumimus
963 3442 1066 3500 hesum,
1087 3443 1189 3495 utinm

145 3537 178 3569 nc
187 3521 257 3587 justo
269 3515 432 3569 haberenon
442 3534 565 3587 possum
577 3531 640 3564 cum
692 3517 826 3571 subletum
840 3537 896 3572 esse
914 3519 995 3572 vellet
1010 3533 1072 3573 κω
1088 3534 1188 3574 nostra.

146 3615 171 3648 v.
192 3614 218 3647 c.
239 3595 362 3646 scribitur
383 3597 410 3644 in
432 3606 547 3646 extrema
568 3591 639 3642 linea
692 3597 754 3648 Non
762 3597 861 3650 exloco
872 3611 898 3650 et
907 3597 1001 3650 ordine
1010 3618 1041 3651 ac
1049 3598 1190 3671 dignitate,

147 3674 464 3732 arte-inalterutumnuss
481 3690 598 3740 erg-men,
615 3682 641 3721 01
693 3693 786 3728 verum
807 3695 838 3728 ex
859 3678 988 3748 ingenio,
1014 3677 1138 3731 doctrina
1163 3692 1189 3731 ct

145 3758 184 3808 sic
196 3756 357 3824 porro.·Aut
372 3755 394 3804 si
410 3753 589 3822 interpunctio
605 3749 641 3801 ad
692 3757 806 3821 meritis,
822 3757 872 3807 viri
888 3756 984 3808 literati
998 3770 1062 3808 aunt
1078 3775 1191 3809 censen·

148 3833 248 3884 calcem
265 3832 454 3903 parentheseos
470 3832 595 3900 ponitur,
614 3842 641 3880 et
693 3833 739 3894 di;
759 3845 784 3884 et
803 3835 911 3885 nomine
927 3835 1078 3904 cujuspiam
1095 3835 1188 3887 audito

148 3913 185 3963 sio
201 3911 260 3975 elia.
277 3908 436 3960 Nominibus
450 3910 567 3959 virorum
577 3907 641 3959 doo-
693 3910 884 3979 assurgendum
907 3924 964 3976 est,
989 3931 1044 3966 non
1064 3911 1145 3966 titulo
1163 3924 1194 3969 et

147 4002 249 4054 torum,
271 4008 338 4060 quos
354 3991 575 4054 commemoravi,
596 3991 639 4040 in·
692 3989 796 4046 honore
805 3991 990 4063 pronuntiato.

147 4069 240 4145 primis
261 4068 313 4124 vita
332 4064 536 4133 defunctorum,
563 4065 640 4122 nolui
