2670 4824
309 372 555 440 stennon
577 373 861 441 nomionis.
1063 377 1104 465 39

65 494 233 582 obpetere,
252 492 429 580 obponere,
440 494 647 580 obpremere?
667 494 746 560 dum
766 498 889 561 interea
907 495 1034 582 obstem,
1050 497 1105 561 ob·

61 599 172 683 fiante,
186 596 357 679 scribitur3
376 623 437 665 cur
454 624 521 663 non
539 598 732 664 subcedere?
745 601 950 666 subcurrere?
963 599 1061 684 Quod
1077 604 1106 666 si

61 705 94 769 in
108 705 162 769 bis
174 705 248 769 auri
261 703 525 793 obtemperatum
540 728 610 770 esse
624 720 727 793 patet,
742 728 809 794 quo
823 705 1015 795 fidejussore
1028 728 1106 770 con·

61 810 194 890 tendeS,
212 810 277 875 hoc
291 809 379 874 idem
398 833 465 875 non
480 810 598 875 eodem
612 833 682 875 aevo
699 812 822 876 factum
836 833 907 876 esse
921 813 955 876 in
969 812 1107 878 ceteris?

59 913 207 1004 Volgus,
219 915 345 990 noluo,
361 914 543 990 Volcanus,
556 917 693 990 volnus,
703 916 832 990 volsus,
845 938 906 1003 pro
919 918 1105 1006 antiquiore

61 1020 224 1108 scriptura
235 1019 349 1084 haberi
362 1020 463 1100 solet;
483 1019 563 1109 quid
581 1022 608 1085 si
622 1020 677 1084 illa
697 1021 970 1108 pronuntiationi,
987 1020 1104 1086 mediae

60 1128 145 1193 inter
159 1128 287 1193 fuscam
300 1145 334 1193 et
347 1126 558 1218 liquidiorem
572 1143 730 1217 sequente
745 1128 838 1192 litera
851 1127 977 1216 liquida
997 1130 1029 1204 l,
1049 1127 1105 1193 de-

59 1232 171 1312 betur,
194 1256 294 1322 quam
308 1257 348 1298 ex
361 1233 485 1321 vulgari
499 1255 562 1298 usu
581 1233 731 1298 nonnulli
749 1232 783 1296 in
807 1233 1000 1325 scripturam
1018 1233 1104 1298 male

59 1338 294 1418 traduxerunt3
310 1355 346 1402 ut
356 1338 411 1402 alii
421 1339 456 1401 in
471 1339 634 1428 linquont,
643 1338 821 1403 volvontur.
836 1338 888 1403 Sic
902 1339 1016 1426 fragm.
1029 1340 1101 1402 Vat.

57 1445 206 1530 pollulat.
226 1443 329 1508 Simili
347 1441 449 1507 modo
470 1460 629 1532 sequente
649 1444 742 1507 litera
761 1461 845 1507 met
863 1467 883 1508 r
902 1464 1002 1508 sonus
1017 1445 1067 1498 voi
1081 1463 1103 1501 u

57 1547 184 1612 abierat
197 1547 232 1611 in
245 1571 280 1622 o,
292 1549 326 1611 in
340 1546 462 1621 drrom,
475 1545 634 1636 Argivom
639 1574 650 1625 ,·
664 1566 730 1626 aut,
744 1546 834 1637 quod
845 1546 978 1612 aliunde
990 1546 1103 1612 doceri

58 1669 182 1741 potest,
197 1674 217 1716 o
231 1653 265 1714 in
277 1652 332 1715 tali
345 1653 455 1741 positu
467 1667 533 1716 tam
548 1653 641 1717 fusco
658 1675 740 1732 sono
759 1655 1006 1742 pronuntiatum
1021 1654 1100 1732 fuit,

36 1767 37 1771 ’
58 1775 92 1821 ut
105 1778 169 1845 pro
182 1779 204 1819 u
216 1754 450 1843 haberiposset
462 1774 495 1820 et
506 1756 613 1821 scribi.
625 1759 689 1822 Fac
699 1757 763 1823 hoc
774 1774 901 1822 tantum
911 1756 1101 1822 insecundo

54 1884 133 1928 casu
155 1861 269 1926 locum
291 1860 428 1941 habere,
452 1860 603 1951 adeoque
624 1885 691 1926 non
709 1864 831 1951 pariter
849 1886 969 1938 aevom,
987 1863 1101 1928 Ioevom

55 1968 217 2055 scriptum
232 1989 322 2032 esse:
338 1968 399 2032 etsi
412 1990 508 2058 quom
521 1969 794 2055 pronuntiarunt3
808 1985 841 2032 at
854 1991 913 2034 cur
926 1991 994 2031 non
1005 1989 1099 2056 aeque

56 2096 171 2164 equom
185 2094 246 2160 pro
262 2095 425 2162 equorum
438 2076 509 2137 AEn.
523 2075 604 2152 Vll,
619 2074 679 2160 691
691 2075 705 2136 Ρ
716 2089 824 2147 corto,
836 2088 969 2145 vortex,
980 2069 1099 2134 eodem

56 2177 157 2244 modo
172 2179 431 2267 pronuntiatum.
447 2180 489 2242 At
500 2177 620 2243 Medic.
633 2181 920 2252 permoveretur.
936 2176 968 2240 Si
982 2197 1100 2239 maxu-

57 2306 144 2358 mus,
154 2298 320 2367 optumus:
340 2281 481 2347 debebat
495 2283 593 2347 etiam
607 2304 679 2347 esse
693 2284 877 2367 plunonus:
894 2281 921 2345 si
937 2282 1099 2356 inmanis,

55 2410 235 2476 conpages,
253 2389 413 2451 inmunis:
437 2410 497 2451 cur
513 2409 581 2450 non
598 2402 631 2451 et
651 2387 838 2451 cormonte?
854 2383 1049 2451 conmodns?
1069 2385 1099 2449 si

54 2490 198 2577 subplet:
213 2514 273 2556 cur
285 2514 353 2556 non
364 2490 525 2576 subpleco?
535 2492 617 2557 Sunt
625 2492 696 2569 alia,
710 2493 743 2554 in
756 2490 876 2580 quibus
888 2490 1097 2554 manifestum

54 2596 135 2671 mihi
149 2596 198 2675 fit,
210 2595 408 2661 deteriorem
419 2598 581 2661 rationem
595 2620 656 2686 pro
668 2597 852 2685 antiquiore
863 2596 961 2682 vulgo
971 2595 1095 2659 haberi.

52 2701 192 2766 Veteres
202 2702 340 2765 Romani
353 2697 384 2758 τὲ
400 2726 414 2757 ν
429 2703 615 2767 extulerunt
624 2724 686 2790 per
696 2701 835 2779 tibtote,
849 2701 1098 2789 pronuntiatum

54 2823 89 2871 ut
103 2791 275 2871 Gallorum
293 2831 333 2882 u,
347 2808 548 2894 grammatici
566 2808 705 2872 intulere
719 2832 765 2896 y,
784 2805 921 2885 indocti,
936 2823 993 2870 aut
1011 2807 1096 2869 forte

54 2912 109 3002 qui
124 2910 217 2976 docti
230 2911 292 2976 sibi
307 2933 377 2975 esse
392 2912 603 2991 videbantur,
616 2929 660 2976 'ut
677 2913 711 2975 in
730 2927 842 2976 nostro
856 2932 1008 2975 sermone
1022 2933 1096 2973 ver-

53 3017 186 3096 naculo,
202 3018 361 3104 scripsere
382 3020 414 3080 i.-
434 3019 570 3082 inclutus
583 3040 658 3080 vera
674 3015 838 3081 scribendi
853 3017 935 3080 ratio
950 3033 1013 3096 est,
1028 3039 1096 3080 non

53 3121 193 3210 inclytus
217 3137 249 3185 et
268 3121 421 3201 inclitus;
445 3123 619 3196 lacrumae,
638 3145 706 3185 non
724 3123 874 3210 lacrymae
892 3138 926 3185 et
943 3121 1093 3185 lacrimae.

51 3228 154 3290 Porro
169 3249 237 3309 non
251 3225 352 3290 modo
364 3224 536 3292 deterioris
552 3228 627 3304 oevi,
643 3250 758 3290 verum
769 3225 837 3314 jam
852 3226 1040 3304 Catulliani,
1058 3241 1096 3289 ut

50 3352 70 3394 ¹e
82 3331 222 3414 Quintil.
243 3333 272 3410 1,
294 3330 327 3410 5,
346 3354 387 3398 20
406 3348 546 3411 constat,
564 3332 788 3420 pronuntiatio
806 3357 824 3394 c
844 3332 878 3394 in
898 3330 1095 3396 obmutavit

53 3437 85 3500 in
103 3437 293 3525 plerisque:
310 3436 409 3502 scribi
427 3437 511 3501 adeo
530 3439 629 3526 coepit
643 3437 835 3526 lnelrryma,
847 3435 1010 3509 anchora,
1019 3436 1092 3521 pul-

54 3539 145 3618 clter,
164 3540 348 3626 pulchrior,
370 3542 582 3628 sepulchrum.
607 3546 707 3609 Recte
725 3541 902 3630 adspiratio
920 3543 954 3604 in
974 3541 1025 3604 his
1045 3558 1094 3604 est

55 3645 204 3733 expulsa3
224 3646 343 3711 eodem
356 3664 467 3712 tamen
484 3648 559 3737 jure
581 3649 679 3714 scribi
698 3647 857 3713 debuerat
872 3647 999 3733 pulcer,
1017 3662 1049 3709 et
1065 3647 1093 3709 si

56 3770 162 3814 veram
175 3753 344 3842 antiquam
358 3754 519 3818 rationem
533 3776 662 3819 servare
672 3753 814 3833 volebas,
827 3753 955 3840 poller,
964 3769 1000 3815 ut
1010 3750 1093 3814 Isar-

58 3853 157 3944 tltogo.
169 3858 306 3923 Veteres
319 3861 457 3923 Romani
471 3863 519 3923 tio
529 3883 700 3949 nunquam
708 3860 964 3948 pronuntiarunt
978 3860 1091 3920 utcia:

61 3981 119 4046 quo
133 3963 209 4051 jure
228 3968 381 4041 nuncius,
394 3970 560 4051 precium,
575 3983 607 4031 et
626 3966 742 4033 similia
758 3965 951 4032 scribimus?
970 3963 1092 4028 scilicet

62 4085 96 4128 ex
104 4070 224 4136 seriore
237 4073 516 4160 pronuntiatione.
535 4076 659 4139 lterum
673 4091 795 4140 certam
813 4071 974 4138 rationem
994 4091 1091 4134 nemo
