2670 4824
193 366 253 439 xiv
477 373 692 426 rotronis
718 374 963 430 rnnrnmo.

192 512 346 615 picturae
361 495 487 579 studio
502 517 743 595 exornatum,
760 503 970 578 latinorum
985 521 1117 580 vatum
1135 510 1248 609 prin-

193 641 317 741 cipem
346 633 525 707 universae
559 629 805 705 admirationi
842 633 1118 733 suspiciendum
1152 635 1247 708 olim

192 756 431 864 proposuerit
451 759 571 868 Petrus
584 759 708 829 Dmor
724 757 786 853 (1).
804 760 893 829 Jure
910 757 1024 856 igitur
1040 785 1107 832 suo
1123 759 1249 859 Virgi-

192 894 290 968 lium
307 890 377 965 sibi
392 888 632 982 vindicabat3
654 917 774 990 neque
791 917 879 968 vero
897 880 1125 986 nesciebam,
1140 897 1246 994 fortis

194 1015 388 1091 Alexandri
397 1013 546 1102 vultum,
556 1040 637 1086 non
649 1012 713 1087 alii
728 1014 782 1088 fas
794 1040 886 1105 esse,
900 1042 1015 1114 quam
1025 1015 1150 1116 Apelli
1160 1017 1250 1116 pin-

194 1137 376 1238 gendum,
393 1131 458 1207 alii
470 1161 585 1234 quam
597 1135 763 1235 Lysippo
775 1133 991 1209 ducendum
1001 1134 1248 1209 concredere:

193 1287 383 1362 quumque
396 1276 483 1334 ante
492 1258 620 1333 oculos
633 1274 690 1332 tot
700 1274 736 1332 et
749 1276 856 1335 tanta
867 1261 1150 1336 revolverentur
1163 1288 1250 1333 mo-

193 1402 395 1479 numenta,
409 1391 542 1485 quaein
557 1399 741 1458 aeternum
757 1386 841 1461 orbi
855 1403 1043 1461 terrarum
1058 1382 1250 1459 commenss

195 1513 287 1588 dant
316 1508 490 1610 gallicam
521 1509 838 1610 typographicen,
868 1538 932 1584 seu
964 1509 1089 1612 potius
1126 1524 1249 1581 artem

191 1644 426 1727 DlnorchM,
449 1662 530 1708 non
551 1636 659 1736 potui
681 1636 767 1709 satis
787 1637 884 1711 mihi
906 1651 1132 1737 temperare,
1154 1616 1249 1734 quin

192 1762 303 1837 illum
330 1759 599 1861 compellarem
627 1761 685 1835 bis
712 1760 892 1853 versibus,
918 1761 1020 1861 queis
1049 1758 1249 1861 quondam

193 1887 493 1986 magnificentius
519 1884 634 1959 extuli
664 1890 892 1960 Pnnunnsnu
916 1889 1109 1960 HOMERI
1136 1906 1252 1958 ruro-

195 2035 372 2088 emrnnu
389 2012 462 2111 (2):
1249 2016 1253 2027 '

273 2226 329 2283 Ars
341 2235 397 2285 tua
409 2234 441 2282 te
453 2222 536 2282 Divo
551 2222 682 2281 rivalem
695 2221 769 2282 fecit
782 2224 923 2283 Homero
938 2245 945 2282 :

272 2328 328 2387 llle
343 2325 553 2386 immortalem
569 2328 688 2408 superis
703 2326 835 2386 donavit
848 2327 1038 2410 Olympum3

272 2436 319 2492 Tu
335 2431 388 2491 das
402 2430 476 2491 huic
490 2433 553 2489 vati
568 2432 640 2490 vitae
654 2432 841 2492 immortalis
855 2429 1019 2490 honorem.

241 2628 295 2697 Ea
311 2641 397 2697 sunt
413 2620 546 2717 igitur,
570 2618 690 2692 lector
709 2618 995 2708 humanissime,
1017 2618 1087 2691 tibi
1102 2644 1250 2719 propo-

192 2751 277 2840 sita3
296 2773 377 2847 quae
394 2745 425 2818 si
440 2758 592 2843 accepta
606 2743 797 2833 habueris,
814 2741 1091 2844 amplissimum
1106 2739 1249 2815 laboris

121 2940 124 2947 .
194 2879 342 2978 operosi
356 2875 521 2946 fructum
539 2869 706 2944 retulisse
721 2898 790 2944 nos
805 2870 1085 2945 arbitrabimur.
1101 2874 1248 2947 Interea

193 3001 291 3093 vale,
308 3016 346 3075 et
362 3000 499 3074 nostris
517 2999 690 3098 incoeptis
705 3000 798 3072 fave.

230 3368 271 3447 (ι)
285 3360 423 3425 Punirus
437 3364 602 3423 Vmomrus
616 3361 728 3435 Mauo,
744 3358 858 3433 in·fol.;
878 3361 1017 3435 Parisiis,
1030 3361 1115 3442 apud
1126 3366 1250 3424 Petrum

191 3478 307 3547 Dinon,
334 3491 419 3532 anno
438 3470 528 3552 1798,
549 3489 621 3529 cum
638 3470 752 3551 viginti
777 3469 876 3528 tribus
897 3469 1012 3529 tabulis
1034 3491 1094 3531 aere
1112 3472 1248 3549 eaeletis,

193 3602 328 3668 quarum
342 3577 459 3638 finxere
476 3585 659 3658 argumenta
678 3589 707 3635 et
726 3574 969 3636 delineationem
987 3578 1163 3654 absolvere,
1182 3579 1248 3639 duo

192 3696 325 3782 pictores
351 3687 481 3773 egregii,
496 3685 562 3769 jam
579 3700 646 3746 tum
670 3685 792 3746 nobiles
814 3687 934 3747 alumni
958 3705 989 3749 et
1005 3711 1072 3772 spes
1095 3691 1248 3768 maxima,

193 3822 279 3862 nunc
288 3800 483 3882 praec'ipuum
492 3796 587 3857 decus
598 3809 628 3855 et
638 3795 829 3856 immortales
839 3795 952 3858 scholae
961 3795 1081 3878 gallicae
1090 3799 1248 3879 magistri,

193 3905 530 3970 GinnnnetGmonnr.
917 3884 920 3905 ⁵

233 4035 274 4115 (2)
286 4036 418 4109 Bonom,
433 4052 528 4114 quem
543 4031 708 4092 nominare
722 4034 794 4094 satis
809 4045 867 4111 est,
884 4024 919 4094 u't
934 4045 1083 4116 typorum
1099 4032 1248 4092 italorum

194 4143 300 4206 laudes
315 4163 371 4203 suo
386 4143 486 4224 pretio
502 4141 701 4202 aestimentur.
775 4186 778 4192 .
980 4126 984 4132 ¹
