2670 4824
227 347 364 418 TOMI
388 348 427 413 ll
452 344 725 415 EDITIONIS
748 351 927 416 PRIMAE.
1064 355 1105 423 23

59 472 132 540 nitu
147 475 331 539 necessaria
346 471 551 551 viderentur,
566 470 800 549 adscriberent,
822 488 891 536 tum
904 474 1106 560 interpretes

59 579 284 657 consulerem,
299 578 443 665 primum
456 593 597 655 veteres,
611 594 682 640 tum
697 578 905 643 recentiores.
919 579 1025 659 Quam
1039 579 1106 643 vel·

59 684 124 748 lem
139 705 267 762 omnes,
283 683 397 746 saltem
409 683 530 770 plures,
546 704 565 744 a
578 704 631 744 me
646 683 791 769 potuisse
804 683 934 770 inspici,
949 684 1104 751 aliorum·
1174 734 1181 745 .

60 812 124 878 que
140 790 246 877 copiis
261 812 369 854 meam
383 811 508 876 penum
528 787 738 875 locupletati!
760 789 834 852 Non
854 788 990 869 dubito,
1014 807 1106 855 etex

60 911 171 959 vetere
185 894 329 959 lectione
349 895 452 957 etiam-
465 894 624 957 memoria
643 910 757 972 teneo,
780 894 814 957 in
835 896 996 961 sexcentis
1013 895 1106 960 libris

61 998 237 1066 doctorum
250 1001 397 1065 virorum
410 999 588 1087 Virgiliana
602 999 674 1062 loca
692 998 844 1062 illustrari
859 1000 912 1064 vel
926 1000 1104 1065 obscurari.

10 1132 13 1179 ρ
60 1108 219 1171 Poterunt
236 1124 312 1194 post
325 1130 379 1171 me
393 1106 447 1170 alii
465 1104 599 1170 aliunde
614 1127 694 1193 opes
712 1127 814 1169 novas
832 1100 1027 1194 congerere,
1049 1124 1107 1171 aut

10 1190 13 1273 l
61 1234 96 1274 ex
108 1212 253 1276 aliorum
265 1213 465 1278 accuratiore
480 1208 629 1275 doctrina
644 1233 778 1296 operam
790 1231 898 1273 meam
911 1209 1106 1291 emendare;
1138 1222 1144 1239 '

60 1318 117 1381 etsi
131 1337 236 1402 super
249 1314 386 1400 Virgilio
400 1314 504 1377 multa
519 1313 628 1378 dicere
642 1314 737 1379 facile
753 1330 817 1392 est,
833 1331 879 1393 at,
897 1337 1002 1402 pauca
1016 1331 1105 1378 recte

61 1419 183 1499 dicere,
200 1419 277 1484 satis
292 1417 438 1484 difficile.
457 1419 527 1506 Ego
545 1418 681 1508 quidem
695 1442 771 1483 cum
786 1442 853 1483 non
867 1442 999 1508 possem
1017 1420 1104 1483 evol-

60 1547 133 1589 vere
149 1547 278 1602 omnes,
294 1524 395 1588 sumsi
410 1524 444 1587 in
458 1546 574 1588 manus
590 1526 742 1612 optimos
758 1525 872 1589 saltem
888 1524 1104 1604 doctissimos,

61 1653 140 1717 quos
156 1630 191 1692 in
206 1631 398 1718 praefatione
411 1630 529 1717 prioris
540 1630 725 1695 Voluminis
739 1631 837 1719 hujus
851 1631 1003 1695 editionis
1019 1653 1106 1694 com·

10 1752 15 1803 t
62 1734 259 1813 memoravi,
274 1750 307 1798 et
319 1757 408 1798 nunc
425 1735 458 1797 in
474 1732 624 1813 AEneide,
638 1759 656 1798 e
671 1735 908 1799 recentioribus
922 1738 1106 1824 Trappium

10 1862 12 1867 ·
63 1853 91 1903 et
103 1843 317 1904 Wartonum.
337 1840 452 1917 Pierii,
475 1840 602 1903 Heinsii
622 1857 655 1903 et
671 1843 848 1904 Burmanni
865 1841 968 1928 copiae
982 1841 1024 1913 ad
1039 1842 1105 1906 lec·

62 1947 157 2010 tionis
171 1947 365 2010 varietatem
380 1962 412 2009 et
427 1946 598 2009 veritatem
616 1963 782 2032 spectant,
803 1945 845 2009 ad
863 1947 1106 2033 interpretatio-

10 2078 12 2097 =
62 2073 133 2114 nem
146 2072 267 2138 parum
282 2048 360 2114 inde
373 2050 563 2138 profeceris.
578 2051 729 2115 Servium
742 2068 891 2115 accurate
904 2053 1105 2138 comparavi,

63 2172 127 2219 tum
149 2155 357 2235 Ruhnkenii,
378 2155 558 2221 doctissimi
580 2172 612 2219 et
631 2156 857 2220 humanissimi
878 2157 955 2234 viri,
977 2157 1106 2220 monitu

63 2263 217 2325 excitatus
227 2261 354 2325 Julium
364 2261 584 2347 Pomponium
593 2259 759 2339 Sabinum,
769 2262 827 2348 qui
837 2276 985 2324 veterum
993 2262 1107 2324 Gram-

63 2366 256 2432 maticorum
270 2368 461 2454 fragmenta,
475 2367 652 2453 epleniore
663 2389 797 2456 quoque
809 2367 930 2445 Servio,
947 2368 1106 2431 nonnulla

63 2472 210 2536 servavit.
227 2472 254 2534 E
268 2473 389 2534 Donati
403 2472 620 2559 grammaticis
631 2488 664 2535 et
673 2470 843 2536 rhetoricis
853 2473 987 2559 argutiis
997 2488 1107 2559 potest

64 2577 141 2640 forte
160 2576 261 2656 alius,
284 2577 342 2665 qui
363 2577 431 2642 otio
449 2574 608 2656 abundat,
633 2599 737 2663 pauca
755 2576 864 2640 adhuc
883 2577 1008 2663 legere,
1032 2599 1106 2667 quae

62 2683 234 2746 utilitatem
247 2680 410 2759 habeant3
430 2683 528 2745 etiam
543 2704 582 2746 ex
601 2680 757 2768 diligente
776 2684 1020 2768 comparatione
1039 2687 1106 2744 An-

63 2785 217 2874 thologiae
230 2786 363 2850 Latinae.
377 2786 520 2850 Omnino
536 2787 634 2850 velim
649 2786 730 2849 mihi
744 2787 888 2875 aliquem
904 2786 992 2864 dari,
1013 2788 1070 2875 qui
1087 2811 1107 2850 a

62 2889 124 2953 Silii
139 2890 261 2968 Italici,
276 2891 398 2954 Valerii
412 2891 535 2970 Flacci,
548 2892 640 2956 Statii
655 2908 687 2954 et
702 2893 839 2970 Lucani,
855 2893 1058 2980 Ausoniique
1074 2910 1108 2956 et

63 2995 231 3060 Claudiani
257 2996 398 3064 lectione
425 3019 539 3062 recens
568 2995 714 3060 studium
742 3018 840 3060 suum
866 2996 908 3060 ad
930 2997 1106 3084 Virgilium

63 3105 245 3166 convertat!
269 3125 338 3165 non
357 3119 394 3166 ut
416 3103 470 3167 ille
496 3103 568 3166 loca
591 3103 707 3165 similia
729 3119 761 3165 et
784 3101 937 3190 parallela
958 3103 1046 3166 inani
1068 3125 1107 3166 ac

63 3228 138 3272 vana
152 3205 336 3271 ambitione
349 3226 521 3295 congerat,
541 3229 655 3270 verum
671 3209 779 3270 Poetae
794 3207 856 3285 illi,
877 3229 961 3295 quos
975 3204 1017 3270 ad
1031 3206 1106 3268 Vir-

66 3314 172 3397 gilium
199 3334 235 3376 se
259 3315 483 3400 composuisse
508 3329 595 3376 totos
616 3312 827 3376 manifestum
849 3328 911 3389 est,
936 3311 1017 3375 dum
1038 3333 1107 3374 non

66 3417 159 3482 nodo
173 3418 210 3480 in
224 3419 408 3481 carminum
421 3419 548 3482 ratione
563 3434 596 3480 et
613 3415 743 3494 ordine,
759 3439 875 3482 verum
889 3417 923 3478 in
938 3417 1008 3503 ipsa
1022 3438 1105 3504 quo-

10 3600 11 3607 ,
69 3543 125 3608 que
142 3522 348 3601 elocutione,
368 3524 402 3586 in
416 3523 553 3610 singulis
567 3522 715 3586 versibus
729 3544 767 3585 ac
781 3519 904 3599 verbis,
924 3521 1106 3609 exprimere

10 3676 14 3716 ¹.
70 3648 137 3690 eum
150 3627 316 3706 laborant,
332 3649 419 3714 saepe
433 3628 737 3714 interpretationem
750 3625 900 3690 locorum
914 3626 1113 3712 Virgilianae

10 3746 26 3821 ,⁴
71 3753 134 3797 tum
148 3732 373 3822 suppeditant.
392 3732 476 3797 Mihi
490 3731 767 3822 acquiescendum
788 3731 851 3794 fuit
869 3732 903 3793 in
921 3731 960 3793 iis
975 3752 1048 3819 quae
1067 3753 1108 3796 ex

10 3889 21 3929 3
72 3840 197 3923 pristina
220 3839 363 3904 lectione
386 3840 544 3903 memoria
564 3839 734 3918 retineret,
758 3854 815 3902 aut
836 3858 909 3925 quae
927 3836 1048 3922 passim
1072 3837 1107 3902 in

12 4006 23 4018 ,
74 3946 265 4012 excutiendis
277 3948 358 4012 locis
371 3948 424 4011 vel
439 3946 671 4034 interpretibus
687 3959 906 4010 occurrerent.
1048 4030 1052 4037 ¹

10 4101 25 4136 ,.
109 4053 151 4118 Ut
164 4052 300 4122 tandem
309 4069 416 4139 poetoe
428 4068 533 4120 artem
546 4077 587 4118 ae
599 4048 781 4117 ἀοοινίηαιη
794 4049 1013 4128 declararem,
1030 4069 1106 4114 cum
