2670 4824
297 368 848 440 sneunnnnnrrtoms.
1055 366 1095 449 rs

61 514 238 588 receperat,
252 494 341 560 idem
357 517 418 581 pro
431 516 501 557 meo
513 515 608 556 sensu
624 493 743 554 iterum
757 490 866 580 ejicio,
886 505 923 561 ut
940 489 1022 554 alius
1037 511 1098 574 pro

61 626 149 667 sensu
165 625 223 671 suo
239 600 303 664 hoc
317 597 433 663 itidem
445 597 594 684 expellat.
610 597 735 659 Verum
751 593 793 658 de
808 610 878 658 toto
894 592 959 659 hoc
977 615 1097 681 genere

60 724 110 771 aut
117 708 219 798 plura
233 703 373 770 dicenda
386 718 479 781 sunt,
493 724 592 790 quam
605 723 679 788 quae
693 699 747 765 hic
758 700 853 764 locus
865 700 964 787 capit,
980 714 1050 777 aut,
1070 697 1098 761 si

10 870 13 897 ἱ
59 813 167 898 paucis
182 833 254 873 rem
266 806 433 897 expedias,
447 806 574 870 diversa
589 805 801 869 statuentium
813 803 865 869 his
879 803 921 868 de
935 802 1033 868 rebus
1044 802 1097 892 ju·

60 914 152 994 dicia,
168 915 198 979 si
209 912 310 978 modo
320 911 444 1003 judicia
457 927 546 990 sunt,
560 912 613 974 vix
626 909 805 974 refinxeris.

96 1021 212 1108 Copiis
231 1019 365 1097 criticis,
386 1015 475 1081 unde
494 1015 573 1081 huic
590 1038 685 1080 novae
704 1014 841 1080 editioni
862 1012 986 1103 aliquid
1005 1037 1098 1078 orna-

10 1142 12 1187 ε
59 1125 157 1189 nenti
180 1122 366 1201 accederet,
388 1143 467 1187 usus
492 1142 566 1186 sum
588 1118 678 1184 haud
703 1117 963 1185 contemnendis.
988 1120 1098 1183 Primo

60 1227 194 1318 quidem
208 1226 338 1293 schedis
352 1225 400 1292 Io.
415 1223 609 1300 Schraderi,
625 1227 686 1289 viri
702 1225 895 1303 doctissimi,
914 1224 1007 1313 cujus
1024 1224 1099 1289 sub-

59 1335 110 1399 tile
133 1335 169 1397 in
191 1355 227 1397 re
248 1333 359 1398 critica
377 1332 546 1419 ingenium
567 1354 606 1395 ex
623 1329 917 1394 Emendationibus
938 1330 971 1392 in
990 1329 1099 1392 lucem

61 1439 151 1503 editis
166 1454 378 1526 perspectum
389 1436 560 1501 habebam.
574 1435 715 1501 Schedas
728 1435 798 1524 ejus
813 1436 846 1498 in
858 1435 1045 1522 Virgilium,
1064 1436 1098 1498 in

60 1544 208 1610 auctione
230 1541 441 1630 supellectilis
460 1538 599 1606 librariae
618 1556 798 1604 veneuntes
817 1563 893 1605 cum
912 1541 978 1604 suis
995 1540 1098 1627 copiis

61 1647 153 1738 hujus
164 1648 294 1736 generis
307 1648 428 1711 inferre
438 1664 558 1734 posset,
568 1647 681 1710 maluit
693 1646 805 1710 usibus
818 1647 899 1711 meis
908 1647 1098 1734 permittere

61 1755 105 1816 vir
116 1754 373 1819 humanissimus
386 1769 419 1817 et
430 1754 659 1829 amicissimus,
674 1751 773 1816 Laur.
784 1776 855 1816 van
867 1748 1007 1826 Samen,
1019 1754 1044 1814 1.
1057 1754 1096 1815 V.

63 1859 114 1938 ll.;
135 1881 190 1922 eas
212 1859 324 1947 itaque
344 1859 378 1921 in
398 1856 600 1922 Bibliotheca
618 1874 728 1921 nostra
744 1857 939 1922 Academica
954 1859 1098 1945 reposui.

63 1963 201 2052 Operam
212 1963 434 2029 adhibendam
444 1962 590 2027 essevidi
599 1961 694 2026 valde
705 1963 875 2026 molestam
884 1985 922 2028 ac
930 1961 1100 2028 difficilem

65 2069 252 2135 extricandis
264 2070 460 2148 innumeris,
476 2092 550 2157 quae
567 2069 600 2131 in
615 2067 760 2135 chartam
776 2068 977 2157 conjecerat,
998 2068 1099 2133 modo

65 2176 226 2240 memoriae
238 2197 364 2253 caussa,
380 2172 481 2238 modo
493 2190 530 2237 ut
545 2174 797 2251 tormentaret,
812 2171 948 2237 diversis
963 2173 1100 2262 quidem

66 2279 264 2368 temporibus
278 2279 491 2370 repetitisque
504 2276 644 2357 vicibus,
660 2294 697 2341 ut
710 2279 915 2366 exquirerem
932 2301 969 2344 ac
983 2279 1098 2366 selige·

67 2405 128 2448 rem
144 2383 180 2448 id
197 2384 289 2474 quod
305 2387 355 2450 vir
368 2384 575 2450 doctissimus
587 2383 784 2472 probaturus
798 2385 914 2448 fuisset
932 2385 1001 2473 ipse
1016 2401 1049 2448 et
1065 2386 1100 2449 in

66 2486 166 2556 lucem
177 2489 386 2578 proditurus:
402 2491 540 2580 injurius
553 2490 640 2554 enim
653 2506 738 2554 esset
752 2491 786 2552 in
799 2492 915 2554 Manes
926 2490 987 2553 viri
1000 2490 1099 2569 docti,

65 2596 115 2683 qui
130 2596 243 2659 omnia
256 2595 327 2685 ejus
341 2593 497 2660 meditata
512 2595 644 2683 vulgare
657 2618 695 2659 ex
709 2592 839 2659 schedis
857 2597 1017 2681 postumis
1031 2596 1100 2659 vel-

63 2696 112 2765 let.
128 2701 278 2788 Apposui
294 2701 394 2788 igitur
411 2700 479 2778 illa,
500 2700 534 2762 in
549 2697 669 2787 quibus
687 2699 809 2784 ingenii
824 2721 962 2763 acumen
976 2717 1008 2764 et
1021 2723 1100 2788 poe·

62 2807 132 2871 ticae
155 2805 326 2892 elegantiae
351 2827 484 2891 sensum
509 2802 758 2890 deprehendere
782 2803 863 2865 mihi
885 2802 1032 2885 viderer,
1059 2827 1101 2869 ne

58 2909 156 3000 quid,
175 2908 266 2998 quod
285 2908 448 2978 delectare
467 2924 594 2996 posset,
614 2907 743 2971 arbitris
759 2906 877 2970 harum
893 2931 1003 2972 rerum
1022 2910 1104 2972 invi·

56 3014 191 3094 derem,
211 3036 272 3080 nec
293 3014 326 3077 in
343 3037 472 3079 cassum
488 3030 537 3077 tot
552 3013 615 3076 viri
629 3011 718 3077 docti
730 3029 865 3077 conatus
882 3014 1005 3101 ingenii
1021 3016 1102 3079 reci·

53 3118 139 3184 dere
155 3135 296 3207 paterer.
309 3119 394 3198 Alia,
411 3141 484 3207 quae
498 3119 618 3182 frustra
636 3134 759 3182 tentata
775 3140 846 3182 esse
860 3118 1024 3199 viderem,
1044 3121 1105 3185 sal·

51 3239 127 3289 tem
141 3224 317 3288 utilitatem
334 3224 416 3287 mihi
430 3214 768 3311 praestiterunt'hanc,
792 3239 829 3286 ut
848 3223 1014 3288 interdum
1034 3226 1105 3289 vul-

51 3347 185 3418 gatam,
207 3327 309 3392 modo
327 3329 596 3416 interpretatione
614 3327 759 3417 adjecta,
780 3350 855 3393 cum
878 3353 950 3393 eam
969 3355 987 3394 a
1005 3330 1104 3395 docto

53 3455 199 3523 quoque
227 3433 298 3496 viro
324 3433 409 3496 male
432 3432 632 3496 intellectam
653 3431 823 3510 viderem,
856 3433 1103 3514 illustrandam,

53 3536 165 3602 modo
182 3559 245 3602 usu
263 3538 394 3624 poetico
412 3536 552 3625 probato
573 3535 767 3600 firmandam
786 3558 857 3601 esse
877 3538 1103 3625 intelligerem.

56 3642 169 3705 Aliam
192 3641 373 3730 symbolam
394 3658 485 3729 grato
508 3641 617 3705 animo
636 3641 748 3727 accepi
774 3641 894 3704 aViro
916 3641 1106 3707 doctissimo

59 3745 189 3811 Jacobo
209 3746 358 3835 Bryant,
377 3748 434 3836 qui
454 3746 657 3833 humanitate
680 3763 713 3810 et
730 3769 842 3810 amore
863 3768 923 3810 suo
944 3745 986 3810 ad
1007 3770 1107 3811 omne

67 3849 169 3914 officii
180 3874 284 3939 genus
300 3853 489 3941 provocavit
502 3875 573 3931 me3
592 3852 680 3915 misit
700 3850 789 3915 idem
803 3850 845 3915 ad
861 3874 915 3914 me
933 3847 1106 3917 Stricturae

74 3953 109 4014 in
127 3951 255 4043 Virgilii
273 3956 403 4021 loca-eo
422 3979 498 4021 cum
515 3956 666 4021 acumine
686 3972 718 4019 et
733 3956 933 4043 perspicacia
953 3956 1105 4044 scriptas,

79 4070 121 4135 ut,
134 4057 166 4123 in
178 4060 289 4133 multis
301 4061 332 4127 ei
343 4059 610 4153 adstipulandum
624 4082 704 4142 esse,
717 4060 874 4142 viderem,
890 4061 925 4126 in
937 4060 1016 4142 aliis,
1030 4084 1107 4127 cum
