2670 4824
247 375 284 454 14
434 388 440 397 ⁴
552 348 615 434 ull
638 362 971 436 rememora

242 496 332 558 tione
343 487 566 571 desiderarim,
580 493 721 557 aliorum
734 492 818 558 votis
832 493 992 560 similibus
1006 492 1083 560 satis
1097 494 1205 561 iacere
1219 488 1283 563 hot

242 598 391 664 instituto
401 597 502 677 volui,
516 599 681 688 simulque
696 598 883 686 exemplum
896 621 1083 688 proponere
1097 600 1136 665 iis
1150 602 1208 690 qui
1220 602 1284 667 alie

238 704 329 769 bona
350 703 522 792 disciplina
542 704 592 769 usi
618 718 686 768 non
707 720 803 783 sunt,
827 719 864 768 ut
886 695 1046 785 habeant,
1068 703 1110 770 ad
1133 706 1225 795 quod
1249 729 1283 771 ss

242 826 456 898 componant,
472 811 499 874 si
513 810 547 873 in
557 809 697 900 juvenili
712 825 799 874 coettt
813 826 927 898 poetas
941 810 1123 899 praelegunt
1136 828 1169 876 et
1183 813 1285 876 inter·

242 932 422 1005 prestantur.
437 917 645 1005 Quamquam
659 915 748 979 enim
762 914 817 979 illa
830 915 913 980 ratio
927 914 1128 981 difficultatis
1139 917 1287 1006 aliquan·

243 1038 330 1100 tum,
350 1021 461 1109 paullo
475 1022 550 1109 plus
566 1021 663 1086 etiarn
678 1021 712 1084 in
731 1019 895 1099 sehabet,
915 1042 1015 1110 quarn
1032 1023 1225 1109 promittere
1239 1023 1286 1085 vi·

244 1125 360 1207 detur,
385 1127 456 1191 sine
477 1126 533 1192 tali
553 1143 664 1190 tamen
682 1120 959 1214 interpretationis
980 1148 1100 1214 genere
1123 1128 1177 1190 vix
1200 1127 1287 1191 ullus

174 1314 177 1321 Ι
242 1254 339 1297 verus
354 1233 480 1299 fructus
494 1231 536 1296 ad
553 1232 748 1320 elegantiam
766 1248 800 1297 et
819 1232 942 1319 ingenii
961 1232 1216 1320 perpolitionem
1230 1247 1290 1296 aut

242 1339 400 1403 orationis
415 1338 662 1402 exornationem
675 1359 715 1401 ex
728 1353 835 1426 poetae
849 1337 990 1402 lectione
1004 1339 1077 1424 capi
1091 1353 1210 1425 potest.

288 1445 388 1507 Poeta
411 1444 537 1530 ipsoex
558 1442 736 1507 Bunnanni
751 1444 959 1522 recensione,
982 1464 1055 1532 quae
1075 1443 1289 1508 Heinsianam

244 1549 406 1636 sequitur,
426 1549 524 1612 unice
538 1568 711 1636 expressus
724 1563 774 1613 est
792 1549 857 1634 (1);
875 1570 938 1614 nec
959 1549 1137 1637 quicquam
1157 1549 1192 1613 in
1209 1569 1286 1614 con·

243 1670 332 1719 texto
347 1670 526 1732 mutatum;
547 1674 617 1725 non
630 1650 722 1743 quod
737 1674 806 1717 non
824 1653 896 1719 loca
909 1654 944 1717 in
957 1654 1095 1741 Virgilio
1109 1652 1219 1719 adhuc
1232 1670 1287 1718 aut

244 1758 367 1824 mendo
386 1776 442 1824 aut
460 1758 572 1823 mendi
586 1756 774 1849 suspicione
787 1758 936 1823 laborare
951 1758 1149 1838 existimem,
1171 1777 1287 1822 verum

245 1865 401 1955 quoniam
426 1887 544 1953 magua
570 1864 688 1928 harum
715 1864 958 1930 conectionum
985 1885 1059 1952 pars
1084 1863 1127 1928 ad
1153 1876 1309 1935 sensum,

243 1993 361 2060 parum
380 1986 518 2060 spectat,
538 1993 600 2035 nee
619 1969 743 2058 ubique
763 1966 806 2032 ad
826 1969 983 2033 orationis
997 1967 1208 2057 elegantiam,
1231 1965 1288 2032 sed

244 2076 442 2165 plerumque
457 2076 491 2141 in
505 2076 614 2140 verbis
627 2091 660 2139 et
674 2074 823 2138 formulis
837 2091 994 2153 versatur,
1010 2073 1044 2137 in
1059 2072 1180 2162 quibus
1193 2071 1289 2136 libra·

244 2184 299 2262 rii,
315 2182 533 2270 grammatici,
548 2180 652 2247 critici
669 2197 702 2244 et
716 2178 858 2244 editores
873 2177 1074 2244 contendere
1088 2177 1177 2242 inter
1188 2198 1224 2242 se
1238 2198 1287 2242 so·

244 2287 329 2369 lent,
344 2304 382 2353 ut
395 2285 487 2377 quod
501 2288 585 2351 alius
598 2285 751 2376 ejecerat,
767 2286 850 2348 alter
863 2299 1004 2349 revocet.
1020 2281 1165 2349 Omnino
1178 2298 1289 2346 autem

243 2392 280 2456 in
298 2393 490 2457 recensione
506 2390 672 2479 scriptoris
685 2391 829 2479 antiqui,
849 2391 883 2455 iu
897 2389 976 2477 ipsis
990 2389 1061 2479 ejus·
1073 2387 1183 2452 verbis
1195 2386 1290 2453 inno·

243 2497 334 2561 vatio
346 2497 454 2563 omnis
464 2495 578 2561 critica
589 2517 658 2560 non
666 2493 767 2560 modo
777 2495 916 2584 periculi
926 2511 959 2559 et
968 2491 1181 2559 dubitationis
1190 2492 1291 2559 habet

243 2600 437 2690 plurimum,
453 2601 690 2681 verumetiam,
707 2598 786 2665 dum
802 2600 942 2666 subinde
956 2621 1042 2663 nova
1055 2599 1291 2689 exemplarium

245 2705 467 2794 discrepantia
484 2706 638 2786 infertur,
659 2729 698 2770 ea
715 2728 767 2771 res
781 2707 855 2793 plus
869 2706 1027 2771 molestiae
1041 2722 1074 2769 et
1087 2703 1176 2799 taedii
1190 2727 1291 2796 quam

247 2812 374 2877 fructus
389 2829 423 2877 et
435 2811 583 2879 utilitatis
601 2813 715 2892 affert3
734 2829 772 2876 ut
788 2811 887 2891 adeo,
904 2834 943 2875 ex
957 2833 1024 2899 quo
1038 2808 1136 2876 lectio
1154 2810 1292 2902 alicujus

246 2917 416 3006 scriptoris
431 2917 534 2985 semel
547 2917 609 2981 fuit
622 2916 665 2982 ad
678 2916 831 2983 codicum
844 2915 945 2980 fidem
958 2932 1109 2982 accurate
1123 2918 1199 2982 satis
1213 2938 1292 2982 con«

247 3024 381 3111 stituta,
404 3046 442 3086 ea
466 3044 538 3111 quae
562 3024 630 3087 sive
653 3022 776 3111 ingenii
796 3023 947 3088 acumine
968 3022 1041 3086 sire.
1057 3020 1210 3086 codicum
1229 3042 1293 3110 ope

143 3119 145 3122 ’
248 3130 368 3192 mutari
387 3129 529 3217 possint,
545 3129 608 3192 nisi
623 3128 727 3216 ipsam
740 3128 908 3216 scriptoris
918 3128 1115 3192 sententiam
1129 3126 1291 3205 afficiant,

249 3234 336 3298 notis
351 3250 385 3298 et
398 3233 681 3298 observationibus
696 3233 817 3298 servari
831 3233 951 3296 malim.
972 3231 1127 3320 Virgilius
1144 3247 1257 3296 autem
1274 3254 1294 3296 a

244 3341 404 3406 trecentis
418 3340 496 3405 inde
510 3342 603 3406 annis
618 3356 667 3405 tot
681 3339 946 3406 doctissimorum
958 3339 1106 3403 virorum
1119 3335 1230 3403 studia
1243 3360 1295 3403 ex·

248 3462 363 3533 pertus
374 3461 432 3524 est,
446 3462 492 3524 ut,
508 3446 656 3534 inprimis
671 3461 746 3532 post
760 3444 888 3508 Heinsii
902 3466 940 3508 ac
954 3444 1131 3508 Burmanni
1146 3465 1292 3530 operam,

249 3572 349 3615 nemo
373 3550 467 3615 facile
495 3567 562 3614 tam
586 3572 690 3615 vanus
714 3566 837 3614 auctor.
853 3549 1053 3637 reperiatur,
1076 3549 1133 3638 qui
1161 3569 1179 3611 e
1199 3546 1293 3612 libris

245 3657 378 3745 scriptis
392 3657 496 3720 multa
509 3656 672 3745 praeclara,
688 3677 762 3745 quae
776 3653 926 3719 nondum
940 3677 979 3718 ex
992 3654 1062 3718 aliis
1076 3653 1167 3718 libris
1181 3669 1294 3717 notata

248 3762 329 3842 sint,
349 3762 498 3851 polliceri
511 3763 606 3827 ausit.
621 3762 725 3825 Aliter
738 3784 773 3826 se
787 3782 858 3825 rem
871 3759 994 3825 habere
1008 3760 1085 3824 novi
1104 3760 1138 3823 in
1152 3760 1293 3846 scripto·

245 3867 354 3948 ribus,
375 3890 517 3958 quorum
539 3868 735 3955 exemplaria
756 3889 859 3956 pauca
877 3884 934 3932 aut
948 3882 1057 3932 extant
1070 3882 1127 3932 aut
1145 3865 1294 3952 inspecta

288 4096 327 4168 (ι’)
344 4098 373 4148 ln
384 4098 471 4169 prima
481 4097 581 4152 scilicet
594 4096 719 4151 editione.
826 4114 827 4118 ’
