2670 4824
140 370 179 441 16
442 367 507 433 EX
529 360 864 433 PRAEFATIONE

134 491 272 583 alicujus
291 490 452 556 facultatis
472 492 614 580 copiam,
636 513 702 579 qua
721 491 831 555 nullus
852 490 1001 577 ingenuae
1016 486 1178 556 doctrine!

134 596 237 661 homo
252 597 322 662 sine
336 618 454 683 magno
469 612 502 660 et
515 617 575 660 suo
591 612 623 660 et
637 595 831 685 disciplinae,
852 592 893 659 ad
913 618 1012 684 quam
1030 592 1108 675 sese
1119 594 1176 661 ad·

130 702 250 791 jungit,
267 701 463 766 detrimento
478 723 588 765 carere
602 700 714 788 possit,
729 699 953 765 adolescentes
966 702 1090 788 optime
1101 722 1178 788 pos-

135 807 201 871 sint
214 807 276 872 sibi
290 828 420 896 parare,
436 806 527 870 nolui
542 806 595 870 vel
608 804 693 870 hanc
711 805 884 869 utilitatem
898 804 938 869 ab
953 805 1015 870 hac
1029 805 1177 871 editione

135 912 317 1001 sejungere.
343 914 457 1001 ltaque
475 934 543 975 non
564 909 665 975 modo
683 911 844 975 variantes
862 912 1019 976 lectiones
1038 933 1078 975 ex
1098 914 1178 975 Bur·

135 1019 309 1082 manniana
322 1016 477 1096 editione,
493 1033 612 1104 praeter
622 1038 741 1105 paucas
755 1036 889 1106 prorsus
904 1017 1045 1095 inutiles,
1060 1038 1177 1082 omnes

135 1124 299 1211 excerpsi,
317 1124 362 1191 :in
388 1122 559 1187 meliorem
582 1121 737 1186 ordinem‘
760 1121 897 1209 digessi,
922 1121 1048 1211 judicio
1077 1122 1178 1186 etiam

135 1229 356 1318 qualicunque
374 1248 449 1291 meo
470 1226 618 1316 adject03
639 1227 871 1290 verumetiam
891 1227 994 1290 varias
1017 1225 1178 1290 lectiones

135 1357 175 1398 ex
202 1333 356 1398 Pierianis
384 1331 629 1411 notationibus,
658 1353 732 1420 quae
758 1332 867 1396 Tomo
891 1331 984 1395 istius
1012 1329 1178 1394 Editionis

134 1456 252 1530 quarto
274 1459 424 1503 seorsum
447 1457 573 1523 ercusae
594 1452 690 1516 sunt,
719 1435 881 1525 subjunxi.
906 1438 954 1500 Ex
980 1436 1177 1501 Martiniano

134 1567 234 1632 porro
244 1544 439 1630 Eclogarum
447 1540 725 1631 etGeorgi'corum
733 1542 924 1606 recensione
932 1557 1060 1629 septem
1070 1537 1176 1603 codd.

135 1651 305 1715 varietates
320 1648 386 1713 suis
400 1648 480 1713 locis
494 1647 634 1726 inserui,
649 1662 683 1711 et
698 1670 738 1711 ex
756 1645 1010 1734 Edimburgensi
1023 1643 1178 1709 emenda·

135 1754 241 1817 tiones
249 1752 476 1840 Cuningharni,
489 1751 646 1818 Codicem
654 1750 842 1816 Mediceum
851 1775 871 1816 a
880 1740 1038 1839 Fogginio
1046 1772 1176 1838 expres-

136 1879 219 1935 sum,
228 1857 376 1921 Vaticani
388 1856 518 1921 Codicis
532 1857 714 1944 fragmenta
727 1856 899 1920 aBottario
908 1876 1034 1936 excusa,
1046 1855 1177 1921 Codicis

68 1952 71 1975 ¹
136 1962 274 2027 Romani
284 1963 387 2026 varias
401 1963 574 2027 Lectiones
583 1960 626 2025 ad
637 1960 808 2026 calcemab
823 1963 895 2049 ipso
904 1961 1046 2051 adjectas
1061 1959 1191 2045 sedulo¹

135 2068 322 2155 comparavi
337 2084 370 2132 et
383 2067 554 2154 exscripsi,
576 2067 676 2153 trium
691 2069 790 2130 etiam
803 2067 977 2146 Codicum,
998 2090 1082 2156 quos
1101 2090 1179 2132 cum

136 2173 255 2260 insigni
268 2173 380 2261 aliquo
399 2172 485 2236 bene
501 2171 543 2234 de
561 2194 614 2234 me
636 2187 669 2235 et
689 2168 731 2234 de
749 2171 886 2258 Virgilio
902 2169 1052 2234 merendi
1067 2168 1178 2255 studio

137 2280 195 2340 Vir
209 2278 329 2342 lllustr.
344 2279 363 2340 J
366 2278 409 2340 ul.
426 2279 497 2341 Car.
512 2275 714 2363 Schlaegerus
728 2293 762 2340 et
775 2276 938 2340 obtulerat
954 2293 987 2340 et
1000 2276 1179 2366 inspicien·
1198 2264 1204 2279 ’

137 2382 198 2448 dos
218 2385 366 2460 miserat,
389 2397 556 2467 excerptas
576 2380 750 2460 lectiones,
771 2381 813 2445 de
832 2381 952 2471 quibus
971 2381 1082 2470 paullo
1102 2397 1180 2469 post

137 2486 258 2566 dicam,
278 2485 413 2575 subjeci.
433 2484 655 2548 Constitutum
674 2484 809 2573 quidem
827 2485 868 2550 ab
887 2487 980 2550 initio
999 2485 1179 2564 habebam,

137 2590 294 2658 dilectum
321 2591 465 2679 aliquem
492 2588 687 2654 variantium
713 2589 915 2671 lectionum,
949 2590 1040 2680 quod
1065 2592 1180 2680 jussus

137 2718 240 2775 eram,
257 2697 374 2760 facere.
395 2695 586 2772 Enimvero,
607 2716 674 2782 quo
688 2696 790 2781 magis
807 2697 963 2774 rationes,
983 2717 1126 2774 caussas,
1147 2712 1182 2761 et

138 2824 216 2866 usus
231 2823 344 2865 earum
358 2801 392 2863 in
407 2821 607 2888 quocunque
622 2800 780 2888 scriptore
799 2801 1010 2880 intellexeris,
1030 2824 1070 2865 eo
1090 2800 1188 2864 diffi-.

137 2907 284 2971 cilior'em
302 2904 400 2994 hujus
415 2905 542 2969 consilii
557 2904 715 2968 effectum
729 2927 800 2969 esse
813 2904 1055 2993 praevideas(1).
1076 2906 1181 2970 Dein·

104 3020 107 3026 '
137 3011 194 3088 de,
210 3011 236 3075 si
246 3010 429 3100 juventutis
437 3009 617 3073 'utilitatem
636 3007 874 3097 respiciendam
888 3032 959 3074 esse
974 3008 1123 3088 duxeris,
1142 3026 1183 3075 ut

136 3116 160 3179 ii
173 3117 317 3205 aliquem
331 3115 449 3178 harum
467 3135 577 3176 rerum
591 3135 688 3177 usum
702 3132 960 3203 consequantur,
982 3115 1016 3178 in
1033 3115 1089 3178 tali
1108 3112 1182 3177 edi-

136 3223 241 3301 tionc,
257 3222 362 3286 multo
377 3238 488 3285 autem
501 3220 603 3308 magis
621 3221 655 3283 in
673 3220 729 3284 tali
747 3237 846 3308 poeta
859 3222 941 3285 nihil
957 3221 1070 3285 abesse
1088 3219 1181 3284 vole-

24 3412 27 3419 ·
118 3326 231 3411 bam,
252 3354 318 3420 qno
336 3329 378 3394 ad
396 3331 585 3401 varietatem
603 3328 753 3394 lectionis
772 3331 908 3419 ejusque
927 3354 1024 3394 usum
1042 3330 1181 3393 omnino

136 3435 403 3526 cognoscendum
417 3434 668 3501 adducerentur.
685 3434 806 3498 Reiskii
821 3436 1023 3525 conjecturas
1038 3433 1193 3515 nonnul-¹

42 3545 44 3551 '
136 3542 183 3608 las
198 3560 231 3606 et
244 3540 488 3606 observationes
502 3561 567 3628 pro
575 3539 749 3627 multiplici
763 3541 917 3630 variaque
930 3540 1087 3618 doctrina,
1104 3560 1182 3628 quae

137 3651 172 3712 in
187 3671 227 3714 eo
241 3649 321 3711 Viro
340 3663 406 3726 est,
430 3663 463 3711 et
483 3645 692 3735 generosiore
710 3646 745 3709 in
763 3646 1021 3712 correctionibus
1041 3645 1179 3733 spiritu,

137 3776 205 3820 non
223 3751 499 3830 contemnendas,
524 3753 558 3816 in
581 3749 677 3818 variis
695 3750 737 3815 ad
756 3753 915 3841 Georgica
932 3752 1012 3818 locis
1031 3750 1156 3814 inserui
1169 3754 1199 3830 ;'

172 4007 212 4078 (ι)
221 3992 522 4059 Ἥάζωοᾶοῐῖεῑεῑεηὶί
531 4005 632 4080 proleg.
685 3999 759 4070 praef·
772 4000 806 4053 ad
818 4002 926 4063 Moerin,
940 4017 959 4069 p
982 3995 1038 4048 XX·
1052 3997 1118 4048 Ven·
1134 3996 1183 4047 Er·

137 4087 172 4139 ad
190 4089 228 4140 N:
240 4086 271 4136 T.
292 4105 319 4158 p.
344 4098 496 4156 199-nor
515 4087 631 4139 Pierson.
686 4085 754 4137 nesti
765 4079 865 4153 praefat.
878 4077 994 4131 Tacitis.
1009 4074 1034 4126 3.
