2670 4824
354 584 790 703 PRAEFATIO

249 836 542 914 sacunun
573 835 892 914 EDITIONIS

237 1120 242 1130 ,
339 1040 343 1051 ·
391 1045 748 1118 unooixxxvrnp).

54 1329 317 1435 Suurrcrenuuu
332 1385 420 1428 nunc
435 1378 484 1427 est
496 1361 618 1452 paucis,
634 1360 715 1453 quid
727 1360 761 1426 in
773 1386 857 1428 nova
870 1358 932 1427 bac
946 1361 1089 1428 editione

53 1470 184 1560 assequi
201 1466 372 1532 voluerim.
397 1468 506 1530 Primo
532 1465 667 1556 quidem
688 1464 783 1546 illud,
809 1463 899 1555 quod
923 1468 956 1529 in
980 1467 1090 1554 priore

55 1575 262 1663 propositum
277 1588 359 1651 erat,
375 1570 511 1636 infixum
525 1570 626 1636 habui
639 1573 766 1651 animo,
788 1588 825 1636 ut
846 1572 898 1649 iis,
912 1572 969 1659 qui
984 1595 1090 1635 exem·

55 1680 107 1766 plo
121 1679 221 1743 bonae
240 1672 516 1765 interpretationis
531 1674 621 1741 dorni
638 1676 908 1755 destituerentur,
929 1674 1094 1740 traderem

57 1785 87 1847 in
106 1802 224 1847 manus
243 1796 375 1871 poetam
395 1779 579 1870 principem
600 1806 637 1845 ea
657 1782 938 1848 animadversione
958 1785 1095 1847 instruc·

58 1905 140 1967 tum,
157 1911 238 1977 qua,
254 1887 281 1952 si
295 1884 441 1952 studium
454 1884 665 1968 adhiberent,
682 1889 757 1976 ipsi,
773 1888 826 1952 vel
839 1890 909 1952 sine
921 1888 1093 1974 magistro,
1129 1947 1133 1973 Ι

62 1988 227 2081 ingenium
239 1990 377 2079 fingere,
392 1988 628 2079 interpretandi
641 2010 744 2056 artem
759 1988 942 2071 addiscere,
960 2009 993 2055 et
1010 1991 1094 2055 mul·

63 2115 165 2162 tarum
179 2099 369 2176 notionum,
385 2096 455 2160 sine
466 2095 584 2184 quibus
599 2119 660 2162 nec
673 2098 727 2161 alii
742 2097 915 2184 scriptores
929 2111 1016 2159 recte
1030 2093 1096 2181 legi

67 2216 213 2289 possunt,
235 2202 365 2290 copiam
384 2200 445 2264 sibi
468 2223 582 2289 parare
606 2218 749 2289 possent.
770 2203 853 2265 Cum
873 2222 973 2289 porro
991 2198 1097 2261 multo

10 2282 13 2357 i
71 2324 170 2371 rerum
184 2326 246 2371 usu
261 2304 457 2385 didicissem,
474 2303 556 2369 nihil
571 2304 736 2372 difficilius
751 2329 821 2371 esse
836 2301 869 2369 in
885 2300 1098 2391 scriptoribus

103 2515 136 2587 (1)
155 2518 285 2570 Promissa
299 2529 355 2568 erat
367 2516 515 2568 dedicatio!

420 2638 539 2690 Ensrsro
549 2638 671 2693 Auorsro

403 2716 526 2768 Anoosro
545 2718 685 2770 Fnrnrmoo

410 2796 533 2846 Anomno
542 2799 683 2850 anrrnoo

364 2872 401 2924 M.
421 2875 542 2924 Bru-inu.
562 2874 639 2925 Rrors
657 2876 724 2927 Auo

430 2952 522 3006 Sonou
536 2955 665 3004 Fiusrns.
679 3014 681 3019 Ι

425 3031 534 3083 Jnvrrr.
560 3033 675 3083 anstr.

171 3154 325 3218 incenditque
334 3150 528 3216 animrtmfizmoe
536 3152 655 3202 venientu
663 3168 752 3200 amore.

589 3228 648 3280 AEu.
660 3224 709 3296 Vl,
720 3228 781 3296 890.

142 3353 243 3406 cesaris
254 3351 306 3404 alta
317 3348 411 3404 domus
421 3365 515 3423 quem,
528 3350 614 3404 Caesar
625 3364 651 3402 et
662 3353 732 3422 ipse,
743 3346 879 3420 probavit}

175 3436 259 3501 Quem
268 3444 354 3483 vatem
365 3430 449 3482 coluit
458 3433 569 3482 maxima
581 3432 662 3482 Roma
673 3448 767 3482 suum:

146 3511 220 3582 Cujus
232 3510 352 3561 divinum
361 3526 481 3573 carmen,
493 3525 544 3558 ceu
552 3506 626 3560 fonte
635 3509 762 3579 perenni,

175 3591 300 3644 Sensibus
310 3591 431 3659 ingenuis
440 3602 548 3658 pectora
558 3601 642 3639 vestra
653 3589 734 3657 rigat:

148 3672 248 3741 Gueljica
255 3670 385 3738 progenies
393 3668 486 3719 faustis
496 3666 676 3737 penetralibus
688 3672 760 3732 oria,

175 3752 222 3802 Hic
232 3749 314 3802 audet
323 3760 420 3799 vestras
428 3759 513 3798 vester
522 3745 594 3798 salire
604 3745 688 3808 fores3

147 3827 242 3900 Proque
252 3845 307 3879 uno
317 3827 429 3877 Ascanio
439 3837 529 3875 ternos
537 3827 645 3876 miratus
656 3826 740 3893 Iulos,

177 3909 250 3974 Quos
261 3905 327 3957 aluit
336 3905 437 3974 magnis
447 3901 532 3954 insula
542 3905 608 3955 freta
618 3905 694 3970 viris,

148 3982 253 4057 ingemit
262 3998 301 4050 et,
316 3989 405 4033 Vestra
413 4002 457 4032 cur
463 4001 511 4032 non
521 3985 546 4032 in
555 3992 661 4048 tempora
663 3983 745 4049 firm

84 4103 87 4108 -
182 4066 470 4139 Utserrarer2ait,1⁹'m
478 4063 566 4116 deam
574 4061 652 4113 mihi!
748 4120 752 4125 ι

154 4162 172 4202 l·
