2670 4824
286 365 323 430 18
592 357 657 424 EX
679 354 1013 426 PRAEFATIONE

280 485 352 550 haec
366 483 407 548 ab
424 503 492 545 uno
509 477 644 544 homine
658 480 771 569 perfici
790 496 944 568 possunt,
960 498 993 546 et
1006 483 1109 546 multa
1123 500 1234 564 erunt,
1249 503 1314 575 qua

280 588 323 653 ad
338 590 476 653 alterum
491 610 537 652 au
543 605 717 676 sequentes
731 587 817 650 forte
831 588 955 651 Tomos
969 590 1151 655 accuratius
1164 607 1197 654 et
1211 614 1310 656 emcn-

282 694 390 758 datius
408 692 537 757 tradere
557 693 706 772 licuerit,
727 714 841 756 verum
857 694 1028 782 quoniam,
1046 696 1072 758 si
1091 696 1143 759 vel
1159 696 1255 760 lineae
1269 720 1310 760 ea-

281 822 356 863 rum
374 821 484 863 rerum
506 797 582 863 duci
602 812 751 884 possent,
775 797 854 860 utile
870 811 902 861 et
919 796 984 863 hoc
1004 798 1045 862 ad
1067 800 1179 865 critica
1198 801 1269 866 haec
1286 818 1312 866 et

280 903 424 968 literaria
437 901 544 968 studia
565 924 636 966 esse
655 900 844 965 arbitrabar.
862 901 969 982 Quem
986 904 1074 967 enim
1088 905 1235 969 fructum
1248 906 1312 970 satis

281 1032 437 1096 magnum
459 1031 498 1071 ex
529 1007 580 1071 his
601 1006 703 1070 literis
730 1006 894 1085 tulissem,
921 1007 984 1071 nisi
1012 1008 1088 1072 inde
1109 1011 1258 1073 animum
1278 1011 1314 1075 ita

226 1122 229 1127 '
281 1135 471 1202 comparare
492 1128 525 1176 et
546 1112 715 1176 instituere
735 1109 939 1190 didicissem,
959 1129 996 1176 ut
1016 1112 1157 1178 aliorum
1176 1115 1314 1179 utilitatis

279 1220 444 1308 potiorem
458 1218 620 1285 rationem
633 1213 819 1281 habendam
831 1238 902 1280 esse
916 1232 1044 1304 putem,
1061 1241 1160 1307 quam
1175 1220 1251 1284 vani
1265 1220 1315 1282 ali-

281 1325 374 1416 cujus
385 1341 501 1402 metus,
516 1345 558 1386 ne
569 1323 797 1386 existimationi
811 1343 892 1385 meae
904 1345 942 1387 ac
955 1321 1045 1386 laudi
1056 1325 1236 1414 quicquam
1247 1323 1317 1388 inde

281 1429 435 1508 decedat,
456 1427 537 1491 dum
558 1427 744 1492 inchoatam
764 1442 797 1490 et
818 1426 1015 1515 descriptam
1034 1445 1163 1493 tautum
1189 1453 1317 1519 operam

281 1534 413 1623 publice
428 1555 595 1621 propono,
612 1533 645 1597 in
661 1555 726 1622 qua
740 1532 920 1620 unicuique
935 1533 1029 1596 facile
1044 1534 1085 1597 sit
1100 1551 1133 1598 et
1144 1554 1317 1623 promtum,

281 1639 403 1704 habere
422 1639 507 1702 forte
522 1655 555 1703 et
567 1661 765 1717 memorare,
781 1659 855 1727 quae
869 1636 911 1701 ad
926 1661 998 1702 eam
1016 1638 1253 1727 perficiendam
1267 1641 1319 1706 de·

282 1767 353 1810 esse
374 1745 511 1833 possint.
533 1744 571 1808 ln
592 1759 727 1833 promtu
748 1739 837 1808 enim
856 1743 917 1807 erit
935 1744 1129 1832 uuicuique,
1147 1747 1202 1810 cui
1224 1746 1319 1811 editio

281 1850 362 1916 mihi
376 1873 443 1913 non
457 1847 525 1914 visa
539 1847 580 1913 ad
595 1871 711 1912 rnanus
726 1850 781 1925 sit,
797 1865 854 1911 aut
867 1848 986 1912 erroris
1000 1865 1056 1912 ant
1071 1850 1258 1916 omissionis
1270 1866 1320 1916 me

281 1977 428 2044 arguere.
447 1956 557 2045 Vitam
573 1955 672 2018 etiam
686 1952 815 2040 Virgilii
833 1975 908 2017 meo
923 1952 1033 2017 studio
1048 1956 1234 2021 confectam
1248 1958 1320 2022 sub·

276 2059 385 2151 junxi,
404 2059 445 2124 de
461 2082 525 2149 qua
542 2057 678 2147 quidem
697 2054 759 2122 sub
777 2057 846 2146 ejus
866 2059 995 2124 initium
1015 2061 1174 2125 nonnulla
1192 2065 1319 2144 monui;

279 2188 350 2230 rem
365 2182 476 2229 autem
487 2164 693 2228 utilissimam
708 2178 807 2249 atque
819 2163 917 2227 etiam
929 2165 1145 2229 necessariam
1159 2170 1320 2256 suscipere

279 2270 407 2356 putavi,
423 2293 498 2335 cum
512 2270 583 2333 aliis
598 2266 640 2332 de
655 2268 792 2346 caussis,
812 2284 883 2331 tum
903 2286 1091 2357 propterea,
1113 2273 1205 2360 quod
1224 2275 1320 2338 multa

281 2375 315 2439 in
335 2376 481 2462 Eclogis,
504 2375 608 2437 multa
626 2375 660 2435 in
680 2373 862 2460 Georgicis,
885 2373 1032 2461 episodia
1051 2376 1148 2438 etiam
1167 2380 1322 2443 nonnulla

178 2473 189 2491 ⁴
280 2480 316 2544 in
331 2479 477 2558 AEneide,
492 2502 530 2543 ex
545 2477 684 2566 reipubl.
701 2480 838 2543 Roman.
849 2495 935 2543 statu
950 2496 983 2542 et
992 2479 1182 2545 conditione
1196 2506 1320 2548 eorum·

282 2606 347 2672 que
362 2605 524 2647 annorum
546 2582 644 2646 rebus
664 2583 762 2670 gestis
783 2582 975 2670 explicanda
990 2600 1075 2647 sunt.
1097 2585 1213 2676 ltaque
1229 2590 1322 2652 etiam

281 2691 316 2755 iu
331 2690 417 2752 uotis
428 2706 460 2753 et
474 2691 507 2752 in
523 2689 600 2776 ipsis
614 2690 814 2779 argumentis
829 2690 1024 2777 Eclogarum
1035 2706 1067 2753 et
1077 2690 1321 2792 Georgicorum,

282 2794 316 2859 in
336 2795 456 2885 quibus
474 2811 623 2859 naturam
637 2811 670 2858 et
683 2810 786 2859 artem
801 2795 952 2858 carminis
970 2794 1178 2882 potissimum
1197 2800 1320 2864 tradere

282 2901 453 2980 volebam,
475 2900 633 2963 nonnulla
656 2900 925 2978 commemoravi,
948 2920 1021 2987 quae
1039 2899 1082 2964 ad
1102 2917 1269 2990 tempora,
1289 2904 1319 2969 iu

283 3007 404 3095 quibus
420 3029 459 3070 ea
476 3007 620 3071 carmina
637 3007 756 3094 scripta
771 3021 864 3083 sunt,
886 3005 1115 3092 cognoscenda
1129 3024 1315 3094 spectarent

283 3111 352 3176 Nisi
373 3113 460 3176 enim
474 3113 553 3190 vita,
571 3111 732 3190 conditio,
749 3112 882 3175 fortuna
899 3111 1058 3191 auctoris,
1081 3129 1113 3176 et
1129 3113 1314 3200 publicare·

283 3238 358 3280 rtun
372 3218 481 3296 facies,
493 3239 592 3306 quam
607 3217 676 3303 ipsc
688 3233 763 3280 ante
776 3217 888 3280 oculos
902 3215 1053 3295 habebat,
1069 3239 1145 3282 cum
1157 3221 1312 3295 scriberet,

284 3338 362 3384 nota
381 3323 434 3400 sit,
454 3322 557 3384 multa
572 3322 606 3383 iu
622 3343 824 3410 unoquoque
838 3322 997 3407 scriptore
1017 3321 1156 3387 obscura
1172 3347 1234 3390 nec
1250 3325 1313 3390 satis

285 3425 435 3514 expedita
448 3450 580 3491 manere
595 3448 728 3492 necesse
743 3443 802 3490 est.
817 3427 1039 3509 Quamobrem
1053 3428 1118 3493 hoc
1130 3431 1311 3520 interpreta·

284 3534 383 3596 tionis
398 3555 515 3623 genus,
537 3533 627 3622 quod
648 3556 687 3597 ex
705 3533 860 3625 interiore
875 3532 1037 3623 ejusmodi
1051 3532 1197 3600 historiae
1211 3533 1310 3601 notitia

284 3639 425 3727 petitum
440 3656 502 3718 est,
518 3639 666 3727 inprimis
680 3638 889 3726 probandum
904 3662 974 3705 esse
990 3627 1138 3705 existimo
1150 3644 1204 3727 (ι).

319 3866 359 3938 (1)
378 3866 522 3939 subjiciam
534 3868 576 3918 hic
589 3885 620 3919 ex
633 3869 721 3938 priore
732 3868 849 3922 editione
860 3869 987 3938 disticha,
1005 3869 1102 3942 quibus
1113 3889 1171 3922 eam
1189 3874 1230 3922 Tr.
1248 3863 1310 3927 tritt,

285 3948 365 3997 lalana
369 3982 378 4007 ,
388 3949 546 3999 amicissimo
557 3948 626 4015 viro,
638 3951 831 4022 inscripserant.
