2670 4824
75 4426 176 4528 ἱ

231 370 270 439 6'
617 364 883 431 PRAEFATIO

229 484 339 564 tionis
363 487 616 576 subtilitatem
645 514 712 559 nec
737 491 891 559 omnino
918 487 1013 560 illud
1037 490 1198 563 multum
1225 490 1278 565 ab

231 608 466 679 annotatione
479 618 651 701 perpetua
668 601 861 699 discrepat,
879 601 1003 674 saltem
1020 621 1199 701 qnatenus
1213 632 1279 676 ve-

230 746 308 791 ram
321 721 477 790 auctoris
489 731 647 787 mentem
657 732 691 787 et
704 740 851 787 sensum
865 720 904 787 in
920 733 1076 815 utroque
1087 719 1275 791 redditum

230 858 304 905 esse
317 831 499 903 volumus.

278 949 564 1044 Descriptionem
581 968 700 1041 operae
715 959 848 1019 meaeet
859 943 1055 1016 consilium
1071 951 1221 1044 exposui
1235 952 1275 1020 in

230 1059 504 1163 praefationibus
528 1062 759 1154 superiorum
790 1045 1014 1147 editionum,
1044 1085 1134 1157 quas
1161 1087 1201 1132 ea
1228 1061 1279 1133 de

232 1202 376 1262 caussa,
392 1190 433 1245 ut
449 1171 510 1244 hic
529 1177 660 1244 iterum
675 1197 912 1269 apponerem,
930 1198 1118 1245 necessum
1131 1179 1293 1253 esse‘rir

232 1292 291 1377 di,
313 1307 395 1361 tum
418 1291 456 1359 in
478 1286 728 1384 disquisitione
750 1285 795 1356 de
815 1288 986 1359 Carmine
1007 1291 1110 1384 epiro
1137 1305 1174 1359 et
1196 1288 1277 1361 aliis

231 1407 365 1503 passim
382 1400 487 1488 locis,
508 1425 591 1497 quae
613 1404 655 1470 iis
678 1398 802 1473 saltem
822 1400 1046 1496 inspicienda
1064 1418 1186 1487 erant,
1209 1408 1276 1500 qni

229 1517 371 1616 judices
384 1514 505 1585 sedere
519 1530 554 1585 et
573 1513 618 1585 de
636 1539 780 1584 summa
795 1518 912 1610 operis
928 1515 1088 1587 calculos
1102 1515 1196 1587 ferre
1209 1542 1279 1588 vo-

233 1630 365 1702 lebant.
394 1629 502 1697 Nunc
528 1632 652 1724 itaque
674 1652 750 1698 nou
782 1631 849 1699 nisi
875 1654 991 1724 pauca
1017 1630 1278 1729 subjungenda

232 1758 318 1817 sunt
341 1740 386 1812 de
409 1742 566 1811 editione
588 1739 658 1818 hac
680 1766 792 1812 nova:
817 1742 924 1838 cujus
945 1769 1055 1816 omne
1079 1745 1277 1818 consilium

234 1858 385 1929 debetur
400 1853 577 1936 Fritschio
594 1871 736 1943 nostro,
753 1860 831 1926 viro
846 1856 1059 1955 intelligenti
1073 1875 1107 1929 et
1122 1858 1280 1950 sollerti,

234 1970 414 2068 bonaeque
425 1967 542 2040 laudis
553 1968 688 2066 cupido
699 1969 766 2064 (r):
779 1974 939 2065 quicum
950 1975 988 2041 in
999 1970 1281 2046 alteraeditione

233 2084 446 2159 adornanda
462 2081 680 2180 exemplaria
696 2082 821 2155 multis
835 2090 1069 2175 ornamentis,
1085 2112 1280 2185 argumen-

233 2219 272 2273 to
287 2228 330 2273 ex
341 2203 498 2297 antiquis
513 2198 682 2295 operibus
697 2202 825 2297 petito,
841 2198 929 2270 eaelo
946 2204 1134 2296 expressis,
1150 2218 1279 2273 sumtu

232 2315 334 2387 haud
356 2313 547 2411 mediocri,
564 2311 789 2399 adornasset,
817 2339 902 2383 mox
925 2312 1159 2385 librariorum
1176 2341 1281 2387 non-

234 2427 427 2500 nullorum
441 2430 534 2495 inter
548 2427 738 2496 Britannos
750 2425 843 2497 lucri
857 2427 1053 2523 cupiditate
1062 2454 1278 2527 oppressum

234 2569 271 2614 se
286 2541 429 2627 videns,
446 2540 746 2637 quandoquidem
766 2538 819 2610 illi
840 2540 1009 2612 formulis
1025 2547 1098 2614 suis
1119 2561 1283 2642 repetere

234 2682 313 2728 eam
324 2655 521 2726 editionem
537 2658 811 2745 constituerant,
835 2661 1040 2728 necessitate
1052 2661 1281 2730 circumven-

234 2787 309 2858 tus,
332 2785 451 2840 totum
473 2766 733 2865 exemplarium
749 2788 964 2867 apparatum
986 2774 1028 2842 iis
1046 2771 1278 2845 vendiderat:

234 2910 310 2983 quo
323 2883 378 2955 illi
391 2887 430 2953 in
446 2883 592 2954 lucrum
607 2908 716 2954 suum
732 2909 852 2972 verso,
868 2909 965 2956 nova
981 2883 1198 2982 exemplaria
1218 2886 1292 2985 ty?

234 3003 289 3097 pis
302 2997 541 3086 excuderunt;
556 3013 636 3067 tum
651 2997 846 3069 Fritschius
858 2998 958 3097 apud
970 3024 1006 3069 se
1015 2999 1183 3087 decrevit,
1195 3016 1282 3097 post

234 3102 417 3184 certorum
438 3136 624 3183 annorum
647 3110 861 3200 decursum,
886 3112 1103 3200 editionem,
1125 3140 1283 3212 eamque

234 3227 353 3299 multo
368 3225 622 3325 elegantiorem
635 3252 676 3297 ac
689 3225 986 3323 splendidiorem,
1001 3253 1137 3323 parare,
1152 3243 1194 3297 ut
1205 3225 1283 3299 hoe

235 3342 400 3439 exemplo
421 3357 617 3429 constaret,
638 3366 704 3411 nec
722 3357 798 3412 arte
819 3355 853 3411 et
875 3341 1053 3411 industria
1074 3342 1281 3413 Germanos

235 3457 361 3556 Anglis
375 3455 518 3545 cedere,
541 3480 607 3526 nee
622 3480 796 3553 generoso
811 3480 919 3526 sensu
933 3454 1124 3552 laudisque
1137 3454 1283 3544 studio,

236 3575 313 3643 sine
335 3570 502 3666 improba
525 3585 559 3640 et
581 3569 727 3640 sordida
747 3568 840 3640 lucri
859 3569 1035 3641 aviditate.
1062 3568 1280 3666 Obsequen-

237 3686 328 3757 dum
346 3684 432 3754 duxi
451 3688 590 3780 optimo
606 3688 701 3753 viro:
721 3708 881 3783 eumque
897 3689 1092 3756 novissima
1103 3684 1179 3780 jam
1197 3688 1282 3755 vitae

237 3800 348 3896 spatia
372 3801 551 3894 ingressus
574 3795 741 3868 ultimam
766 3824 920 3871 manum
948 3797 1162 3897 imponendi
1190 3796 1283 3874 huie

223 4100 226 4105 Ι
272 4035 312 4108 (ι)
328 4035 459 4089 Editionis
467 4035 610 4107 Lipsiensis
620 4033 793 4108 redemptori.
