2670 4824
329 347 603 413 nnrrronrs
625 352 806 415 aarum.
1049 378 1085 443 17

56 469 179 534 miserat
190 467 285 549 enirn·
298 468 341 534 ad
354 493 408 535 me
422 472 482 533 Vir
499 487 532 535 et
552 472 632 535 olim
650 474 716 537 mei
729 473 895 539 studiosus
912 496 974 563 pro
989 474 1088 541 bene-

52 574 190 638 volentia
209 595 269 639 sua
289 592 322 640 et
341 574 543 640 humanitate
557 577 794 666 Georgicorum
809 580 975 668 exemplar
987 604 1088 647 manu

52 699 110 743 sua
122 693 270 751 notatum
285 703 322 746 ea
340 680 427 769 lege,
443 697 492 760 ut,
513 703 588 770 quae
600 681 678 746 inde
693 684 808 748 tollere
826 699 883 748 aut
899 685 1088 776 relinquere

55 783 180 863 vellem,
195 785 382 850 libertatem
395 786 526 850 faceret.

96 890 133 953 Et
141 888 301 955 hactenus
311 888 446 980 quidem
457 888 498 954 de
508 890 679 956 conatibus
688 894 770 958 meis
779 894 813 957 in
826 894 935 982 ipsum
944 914 1087 984 poetam.

10 998 12 1003 '
56 993 169 1074 Restat,
185 996 380 1060 utbreviter
394 993 536 1060 indicem
549 1019 587 1060 ea
596 1017 669 1085 quae
681 996 759 1062 huic
770 999 954 1085 praefationi
966 1001 1090 1090 subjec-

57 1115 173 1164 tasunt.
188 1100 394 1187 Primum(1),
406 1124 482 1165 cum
492 1102 652 1166 variantes
663 1101 821 1168 lectiones
831 1125 871 1168 ex
880 1106 956 1170 satis
967 1129 1088 1194 magno

60 1205 202 1271 codicum
221 1208 420 1295 scriptormn
440 1230 579 1271 numero
599 1206 776 1273 excitandae
797 1225 924 1289 essent,
946 1233 1090 1299 quorum

60 1327 90 1374 ut
99 1312 162 1391 alii,
175 1313 232 1401 qui
242 1311 383 1378 eandem
396 1334 527 1378 mecum
536 1314 635 1379 telam
644 1335 713 1378 non
725 1313 912 1395 detexuere,
927 1317 1088 1394 notitiam,

61 1434 87 1480 et
98 1435 219 1507 quanta
232 1418 393 1509 cujusque
403 1420 578 1484 auctoritas
589 1436 688 1498 esset,
710 1420 745 1483 in
763 1437 897 1506 promtu
910 1420 1088 1499 haberent,

61 1523 207 1609 postulari
228 1547 297 1589 non
319 1541 468 1612 poterat3
494 1522 722 1614 subjungenda
745 1540 814 1588 erat
837 1524 946 1612 aliqua
972 1548 1089 1589 eorum
1160 1563 1162 1567 ·

45 1641 47 1644 ’
61 1629 172 1693 notatio
187 1645 221 1694 et
235 1629 427 1718 descriptio,
440 1630 475 1693 in
488 1652 567 1719 qua,
582 1651 618 1695 re
636 1630 707 1718 ipsa
720 1630 891 1709 invitante,
905 1652 973 1694 non
987 1626 1089 1696 modo

60 1733 207 1799 nonnulla
221 1731 409 1822 diligentius
424 1735 564 1814 excussi,
580 1755 653 1823 quae
667 1732 709 1798 ad
723 1732 844 1797 horum
858 1733 1010 1799 codicum
1024 1735 1091 1799 bis·

51 1841 164 1905 ¹loriam
185 1856 385 1928 spectarent,
404 1841 649 1918 verumetiam,
672 1861 748 1903 cum
765 1839 860 1903 valde
878 1840 1041 1904 turbatam
1056 1857 1092 1904 et

61 1947 219 2012 confusam
232 1944 319 2011 hanc
336 1944 463 2010 critices
480 1960 608 2032 partem
627 1965 699 2008 esse
721 1942 883 2024 viderem,
904 1947 1001 2010 altius
1018 1969 1090 2010 rem

61 2071 179 2117 exorsus
194 2073 282 2132 sum,
298 2068 335 2115 ut
346 2050 482 2115 omnino
497 2047 539 2113 dc
553 2046 723 2114 codicibus
738 2072 929 2139 quaererem,
946 2074 1090 2140 quorum

59 2156 182 2244 quidem
196 2177 344 2246 unquam
358 2155 399 2220 ab
414 2153 595 2219 editoribus
608 2154 735 2241 Virgilii
754 2156 957 2219 mentionem
976 2173 1009 2220 et
1029 2178 1088 2220 no·

59 2262 150 2327 titiam
171 2265 293 2329 factam
310 2261 466 2326 videram.
496 2261 535 2323 In
556 2281 655 2348 quam
678 2261 989 2324 commentationem
1012 2283 1091 2326 cum
1184 2267 1185 2270 ’
1205 2333 1208 2340 ¹
1306 2312 1311 2321 .

59 2369 147 2433 semel
162 2366 367 2446 incidissem,
383 2390 424 2430 eo
438 2358 619 2430 deductum
632 2389 686 2428 me
700 2363 784 2444 vidi,
805 2366 889 2429 utin
905 2387 958 2429 eas
973 2365 1089 2430 editio·

58 2493 106 2537 nes
124 2474 342 2563 inquirerem,
367 2493 440 2561 quae
465 2494 505 2534 ex
529 2470 698 2535 codicibus
724 2470 853 2557 scriptis
880 2492 1006 2534 excusae
1033 2486 1091 2534 aut

59 2579 229 2643 emendatae
241 2601 313 2645 esse
327 2577 544 2642 traderentur.
568 2576 730 2641 Processit
743 2577 787 2639 ita
803 2599 870 2639 non
884 2573 1088 2639 animadver-

59 2686 127 2749 tenti
139 2684 287 2750 studium
301 2683 343 2748 ad
358 2685 462 2772 ipsam
473 2699 644 2747 contextus
657 2697 764 2770 poetae
779 2703 878 2769 quarn
890 2679 1010 2744 dixeris
1024 2680 1090 2745 his·

58 2791 172 2872 uriam,
189 2791 224 2854 in
239 2813 304 2880 qua
318 2813 394 2855 cum
408 2789 599 2853 omniafere
612 2787 755 2851 tenebris
770 2785 912 2850 obducta
927 2801 959 2848 et
973 2785 1090 2850 obscu-

58 2912 115 2961 tata
138 2895 302 2975 viderem,
326 2917 483 2982 cumque,
512 2914 586 2982 quae
606 2892 706 2956 animi
729 2891 865 2955 humani
885 2907 1000 2953 natura
1021 2905 1088 2970 est,

58 3001 180 3092 indigne
194 3003 331 3081 ferrern,
347 3001 476 3090 quoties
492 2998 534 3064 de
547 2998 684 3087 antiqua
694 2997 803 3086 aliqua
816 2994 960 3060 editione
975 3017 1089 3082 agere-

60 3120 116 3189 tur,
132 3106 329 3172 haerendum
347 3123 381 3170 et
401 3103 620 3169 dubitandum
639 3125 724 3183 esse,
750 3124 908 3191 quorsum
926 3101 981 3165 illa
1002 3102 1089 3164 refe·

61 3213 161 3293 reuda,
181 3234 257 3302 quae
272 3212 342 3301 ejus
359 3211 533 3277 auctoritas
547 3208 699 3273 habenda
718 3222 816 3286 esset,
836 3229 936 3295 opera
954 3205 1089 3270 tandem

61 3312 224 3386 insemel
239 3314 489 3405 defungendum
507 3335 579 3379 esse
598 3313 772 3378 arbitratus
790 3335 885 3390 sum,
907 3327 945 3375 ut
965 3313 999 3374 in
1017 3308 1088 3374 edi·

63 3422 173 3490 tionum
187 3422 322 3489 ordines
342 3438 374 3486 et
391 3421 523 3499 classes,
544 3419 661 3507 stirpes
673 3440 713 3482 ac
730 3417 883 3497 familias,
905 3415 1016 3504 paullo
1034 3438 1088 3480 ac·

64 3533 187 3597 uranus
210 3529 421 3618 inquirerem.
443 3527 516 3607 Qua
537 3525 572 3588 in
590 3546 626 3588 re
640 3540 677 3588 ut
695 3521 837 3612 quadam
855 3538 951 3585 tenus
971 3520 1087 3584 saltem

63 3637 226 3721 procedere
241 3635 372 3712 liceret,
395 3631 579 3697 editionum
592 3645 667 3694 ante
681 3627 793 3692 omnia
805 3625 937 3690 annales
951 3624 1091 3714 quidam

64 3758 138 3807 etant
150 3737 360 3809 conficiendi.
376 3740 424 3802 Ea
437 3738 548 3800 omnia
559 3733 728 3824 subjunxi,
744 3755 811 3796 non
826 3729 916 3820 quod
931 3731 965 3792 in
979 3730 1017 3792 iis
1030 3750 1086 3809 eo,

61 3865 115 3934 ¹qno
136 3845 393 3925 contendebam,
415 3843 603 3933 pervenisse
626 3839 707 3903 mihi
729 3834 883 3902 videbar:
906 3857 974 3898 non
997 3832 1087 3897 enim
1123 3926 1128 3934 Ι

62 4126 66 4137 ,
86 4077 120 4148 (r)
136 4078 306 4147 Quaeautern
312 4072 364 4139 hac
376 4073 451 4129 tertia
462 4068 579 4126 editione
588 4064 617 4122 ln
626 4063 751 4145 quintum
761 4078 861 4122 tontum
872 4064 969 4131 rejecta
979 4072 1048 4148 runt,
