2670 4824
242 368 281 433 38
632 362 898 434 PRAEFATIO,

239 486 375 577 putabat
389 506 539 575 expressa
553 485 713 572 scriptura
733 483 857 550 codicis
875 481 1028 549 Medicei.
1048 486 1173 549 Verum
1192 502 1279 561 ante·

241 616 340 682 quam
354 590 388 655 id
399 591 579 671 estimares,
594 588 783 656 docendum
797 608 879 669 erat,
897 589 982 657 banc
998 590 1193 688 scripturam
1210 614 1278 657 esse

240 720 351 762 veram
369 696 458 760 illam
475 697 643 785 antiquam
664 697 885 784 virgilianam.
907 697 977 760 Nisi
997 695 1032 761 id
1052 697 1191 776 feceris,
1217 695 1278 762 boc

242 828 346 869 unum
359 827 566 883 concessero,
580 827 651 870 esse
665 802 751 870 banc
764 806 960 893 scripturam
974 805 1130 894 ejusaem,
1148 828 1217 894 quo
1231 828 1280 870 co·

242 908 304 974 dex
314 926 363 974 est
377 927 523 975 exaratus
532 933 541 989 ;
550 911 642 998 atqui
654 910 717 973 fuit
730 908 812 975 illud
822 908 864 974 ab
876 913 1043 998 Augusteo
1057 910 1178 977 saeculo
1187 909 1281 977 valde

241 1031 405 1079 remotum
424 1032 456 1079 et
477 1014 588 1078 multis
609 1016 770 1079 sermonis
791 1015 877 1079 vitiis
898 1015 1167 1080 contaminatum.
1189 1015 1283 1080 Dicat

242 1121 374 1210 aliquis,
389 1121 611 1209 antiquiorem
625 1121 740 1186 saltem
754 1118 920 1185 scribendi
934 1120 1095 1184 rationem
1110 1121 1144 1184 in
1159 1121 1219 1184 illo
1232 1143 1284 1186 co·

241 1225 314 1291 dice
328 1242 488 1291 servatam
503 1247 583 1290 esse.
600 1228 700 1315 Atqui
720 1249 762 1290 ne
781 1225 845 1290 hoc
859 1223 996 1315 quidem
1012 1226 1088 1290 satis
1107 1242 1179 1290 tuto
1196 1225 1283 1290 affir-

241 1354 329 1411 mes;
353 1355 430 1395 nam
448 1333 680 1418 Fragmentum
701 1332 910 1410 Vaticanum,
935 1328 1026 1421 quod
1044 1330 1109 1396 hoc
1131 1330 1285 1396 Mediceo

241 1437 406 1525 antiquius
425 1433 578 1515 habetur,
598 1436 767 1522 vulgarem
787 1452 933 1499 nostram
952 1436 1113 1499 rationem
1133 1434 1284 1513 exhibet,

241 1540 420 1616 attrahere,
434 1541 580 1616 illustras,
589 1542 759 1626 collapsus·
777 1544 944 1605 Romanus
957 1557 1082 1620 autem,
1096 1541 1155 1629 qui
1169 1557 1203 1604 et
1216 1541 1286 1631 ipse
1324 1595 1328 1603 .

242 1645 395 1711 Mediceo
420 1647 586 1736 antiquior
610 1664 673 1725 est,
700 1644 802 1711 modo
821 1644 887 1711 hoc
905 1643 1006 1710 modo
1025 1643 1107 1709 illud
1125 1646 1286 1734 sequitur.

242 1749 351 1834 Quid?
365 1751 455 1840 quod
470 1774 512 1815 ne
526 1753 597 1840 ipse
611 1751 748 1841 quidem
761 1751 933 1817 Mediceus
948 1768 1072 1816 certam
1083 1767 1119 1814 et
1134 1766 1286 1816 constan·

244 1875 311 1921 tem
334 1859 494 1921 rationem
512 1875 634 1936 servat,
652 1857 760 1922 sedin
775 1857 891 1922 eadem
905 1855 1072 1921 interdum
1087 1878 1170 1920 uoce
1185 1854 1288 1920 modo

243 1962 286 2026 ad
302 1962 366 2028 hoc
384 1962 542 2028 modoad
561 1963 643 2028 illud
660 1963 812 2028 aberrat?
832 1964 908 2028 Plus
921 1963 1058 2042 efficias,
1078 1963 1107 2028 si
1125 1963 1288 2026 rationem

245 2084 366 2133 certam
382 2067 537 2133 adhibeas
553 2086 585 2133 et
603 2069 692 2134 bunc
712 2071 746 2133 in
765 2067 903 2132 modum
925 2068 1182 2156 argumenteris:
1207 2068 1291 2132 anti·

246 2175 396 2262 quierem
406 2175 566 2238 rationem
584 2173 789 2238 hauddubie
808 2173 909 2238 fuisse
924 2172 1093 2238 duriorem
1115 2171 1158 2237 ad
1173 2195 1289 2237 aurem

247 2297 279 2342 et
299 2280 515 2359 severiorem3
537 2277 735 2344 succedente
758 2296 908 2367 tempore
932 2279 1119 2342 molliorem
1136 2294 1169 2341 et
1186 2276 1292 2341 lenio·

246 2405 333 2462 rem3
360 2381 641 2472 quemadmodum
667 2384 893 2473 antiquissima
922 2368 1022 2448 aetate
1043 2380 1135 2446 rudis
1160 2382 1290 2462 fuerat,

246 2484 379 2551 horrida
392 2504 424 2550 et
437 2509 569 2575 aspera3
584 2491 755 2552 Maronem
771 2487 881 2573 media
894 2488 952 2553 illa
961 2489 1087 2552 ratione
1100 2509 1289 2567 assensum,

247 2592 308 2654 etsi
322 2591 480 2655 nonnulla
494 2614 533 2655 ex
546 2593 720 2679 asperitate
734 2594 840 2681 prisca
853 2614 984 2681 aspersa
998 2592 1164 2671 habuerit,
1180 2608 1219 2657 ut
1234 2595 1294 2657 olli

246 2718 308 2787 pro
329 2697 393 2775 illi3
417 2697 444 2759 si
466 2695 568 2760 modo
590 2697 777 2762 Macrobius
797 2715 829 2762 et
849 2699 975 2762 Gellius
993 2720 1061 2761 non
1082 2696 1145 2761 sibi
1164 2698 1290 2785 imponi

246 2803 334 2889 passi
352 2819 442 2881 sunt,
462 2826 538 2867 cum
558 2804 711 2892 antiquos
725 2803 855 2868 codices
876 2826 937 2891 pro
961 2803 1088 2890 Virgilii
1109 2824 1212 2865 manu
1229 2802 1292 2866 sibi

249 2904 382 2970 obtrudi
407 2929 474 2970 non
501 2906 808 2993 animaduerterent.
832 2910 958 2972 Verum
980 2923 1091 2971 tamen
1113 2929 1294 2995 sequamur

248 3009 313 3078 hoc
327 3028 360 3075 et
373 3013 596 3102 relinquamus
610 3015 740 3078 Maroni
754 3015 950 3103 scripturam
964 3014 1070 3092 illam,
1091 3031 1191 3101 quam
1209 3014 1292 3078 anti·

248 3118 399 3205 quiorem
414 3140 484 3183 esse
499 3136 671 3207 putamus:
695 3143 737 3183 an
755 3143 835 3184 vero
849 3119 1037 3208 putabimus
1051 3141 1112 3183 nos
1126 3119 1218 3182 illam
1237 3119 1294 3183 ha·

248 3220 327 3285 bere
347 3223 424 3287 satis
442 3225 589 3289 certam?
607 3242 640 3289 et
660 3223 849 3290 Mediceum
871 3223 1021 3290 codicem
1042 3245 1112 3306 esse
1131 3223 1292 3304 fundum,

249 3327 319 3408 cui,
336 3344 373 3391 ut
387 3326 428 3392 ad
443 3328 513 3418 ejus
527 3353 655 3394 morem
670 3331 780 3395 omnia
793 3329 948 3418 reliugas,
964 3330 1040 3394 satis
1055 3328 1152 3392 inniti
1165 3330 1295 3416 possis?

249 3433 323 3498 Hoc
345 3456 424 3497 vero
444 3434 532 3499 nihil
547 3433 659 3500 videas
675 3436 778 3522 magis
797 3434 977 3514 lubricum,
999 3434 1205 3522 omninoque
1226 3449 1295 3498 tota

247 3539 374 3602 ratione
389 3539 472 3603 nihil
489 3540 739 3618 inconstantius,
761 3540 788 3604 si
808 3538 944 3629 quidem
964 3537 1006 3603 ad
1025 3554 1113 3604 certa
1131 3537 1293 3625 principia

249 3666 319 3708 rem
333 3648 546 3712 revocaveris.
559 3648 711 3735 -Praecipit
723 3647 777 3710 illa
791 3648 882 3727 ratio,
896 3670 938 3711 ne
952 3646 1127 3735 praeposita
1137 3645 1170 3708 in
1182 3643 1293 3709 verbis

209 3777 213 3785 ·
249 3751 439 3838 compositis
454 3751 689 3839 colliquescam
702 3774 779 3816 cum
792 3751 904 3830 verbo,
921 3768 1024 3840 utque
1035 3749 1119 3816 adeo
1132 3748 1294 3817 scribatur
1314 3812 1318 3825 ,

217 3859 219 3866 ”
250 3853 413 3930 inludere,
431 3878 498 3919 non
520 3849 675 3937 illudere3
697 3855 886 3931 conludere,
908 3879 976 3919 nou
995 3853 1180 3933 colludere;
1201 3852 1291 3918 adci-

246 3982 343 4046 pere,
360 3984 427 4024 non
447 3961 605 4048 accipere.
627 3962 693 4024 Cur
705 3977 816 4025 tamen
835 3984 903 4025 non
918 3960 1036 4025 eodem
1055 3983 1147 4024 more
1164 3961 1296 4045 inperat

250 4064 422 4133 scribitur?
440 4082 486 4147 et,
502 4066 529 4131 si
548 4068 694 4154 inperat,
707 4089 766 4132 cur
784 4089 852 4134 non
868 4083 901 4132 et
922 4067 1102 4154 inperium?
1123 4088 1182 4130 cur
1200 4086 1290 4128 non:
