2670 4824
493 372 738 424 rnnrnrro.
1104 370 1139 468 xj

88 513 134 582 Et
154 535 233 607 quo
260 520 372 608 paeto
397 503 559 577 meliora
581 531 652 577 nos
677 505 830 578 daturos
849 533 997 608 sperare
1017 512 1144 591 licuit?

87 633 246 706 Etiamsi
266 631 447 722 licuisset,
468 629 593 729 (quod
608 630 757 703 utinam
779 646 889 730 atque
910 637 1047 711 iterum
1066 644 1143 718 uti.

90 760 226 855 naml)
248 772 342 858 quot
366 781 557 830 annorum
579 754 725 831 labores
744 759 966 833 exsudandi!
992 767 1145 844 Praestat

89 890 220 982 igitur,
242 888 378 956 Lector
396 881 685 972 humanissime,
710 880 778 953 tibi
804 881 892 956 dare
916 913 998 985 quae
1021 917 1090 992 per
1107 920 1145 968 se

40 1008 42 1012 ’
89 1008 193 1082 bona
206 1024 313 1100 sunt,
338 1022 376 1082 et
392 1023 459 1080 tuo
473 1005 706 1106 jampridem
717 1006 863 1106 judicio
882 1016 1143 1113 comprobata.

88 1140 214 1236 Neque
226 1134 438 1238 displicebit
451 1133 567 1206 etiam
579 1133 667 1205 viris
682 1132 917 1233 optimarum
932 1136 1145 1215 litterarum

88 1277 126 1335 et
140 1262 294 1360 genuini
305 1275 427 1361 poetae
441 1257 650 1360 praesertim
663 1256 857 1349 studiosis,
871 1287 953 1358 quae
967 1266 1147 1363 praecedit

91 1384 446 1483 interpretationem
461 1381 620 1478 diligens
636 1378 844 1453 lectionum
860 1385 1051 1460 variarum
1070 1389 1146 1464 dis-

91 1511 262 1611 quisitio,
279 1511 381 1610 cujus
400 1535 472 1609 ope
489 1535 570 1581 non
586 1535 682 1580 unus
700 1505 902 1600 duntaxat,
920 1513 984 1610 qui
997 1512 1149 1612 placue-

91 1637 142 1707 rit
179 1633 343 1727 editori,
377 1648 495 1707 textus
518 1631 592 1705 illis
618 1630 811 1722 obveniet3
848 1634 913 1707 sed
946 1651 1047 1712 totus
1078 1640 1148 1713 tibi

91 1757 309 1855 subjicietur
318 1753 509 1854 Virgilius,
520 1751 812 1854 qualem‚quam
824 1754 1026 1851 diversum,
1038 1788 1149 1860 quan·

95 1880 219 1980 doque
236 1879 478 1953 eruditissimi
492 1878 667 1950 homines
682 1864 918 1977 perlege‘rint.

141 2006 341 2079 Afferimus
360 1998 475 2103 igitur
491 2004 532 2076 in
551 2001 770 2104 publicum,
788 2031 1032 2105 quaecumque
1050 2035 1150 2108 prae-

93 2130 313 2204 stantissimi
337 2129 551 2229 interpretis
572 2127 740 2199 editione
760 2128 869 2200 tertia
886 2132 1150 2224 continentur,

94 2284 143 2331 ne
161 2284 238 2330 uno
260 2257 416 2356 quidem
434 2256 572 2348 verbo,
593 2252 652 2328 vel
669 2254 805 2345 reciso,
825 2254 884 2327 vel
903 2256 1057 2347 addito,
1077 2259 1150 2332 nisi

93 2380 186 2480 quid
207 2380 340 2455 mendi
363 2380 608 2482 subrepserit,
636 2379 741 2478 quod
763 2405 835 2480 pro
861 2396 998 2454 natura
1022 2397 1152 2456 nostra

94 2506 265 2606 religiose
289 2507 468 2582 cavimus,
496 2508 700 2595 Attamen}
720 2516 768 2576 ne
794 2496 1045 2582 hrrit‘inostrae
1068 2505 1151 2579 edi-

94 2633 194 2706 tioni
203 2635 360 2735 propria
369 2649 406 2706 et
419 2631 896 2734 peculiarisdeeitutilitas,
909 2634 1154 2733 quemadmo-

96 2755 192 2828 dum
214 2759 254 2830 in
271 2772 402 2831 nostro
416 2761 449 2830 J.
469 2759 612 2829 Caesare
627 2752 910 2863 eompingendo
930 2756 1050 2830 seduli
1067 2757 1154 2857 plu-

95 2884 196 2956 rima
223 2881 460 2981 collegimus3
492 2858 594 2979 (viil.
611 2856 885 2957 il’inilat'ioir'oni
910 2897 1082 2954 nostram
1104 2881 1152 2954 ad

96 3011 400 3084 Commentarios
427 3008 472 3081 de
500 3007 604 3081 Bello
630 3006 797 3097 Gallico,
822 3035 859 3107 p.
884 3009 945 3080 xix
969 3024 1006 3081 et
1033 3012 1154 3107 seqq.)

96 3137 151 3210 ita
174 3135 317 3210 ultimis
341 3136 489 3235 Virgilii
515 3134 775 3209 voluminibus
800 3137 1042 3236 proferentur
1072 3135 1153 3208 haec

98 3261 380 3353 additamenta3

148 3394 186 3460 1⁰
202 3388 347 3462 Servius
368 3388 528 3486 integer,
551 3403 588 3460 et
609 3387 786 3460 nondum
808 3386 995 3488 explorati
1017 3386 1154 3460 codicis

98 3509 172 3583 fide
198 3537 403 3612 perpensus
428 3539 471 3584 ae
494 3511 697 3613 probatus:
721 3511 964 3611 quiquidem
988 3511 1087 3585 solus
1112 3538 1156 3584 ex

97 3639 353 3713 vetustissimis
375 3638 524 3738 Virgilii
542 3640 810 3740 interpretibus
832 3642 948 3737 (nam
965 3640 1062 3712 circa
1086 3666 1155 3712 sae-

99 3763 172 3836 euli
195 3765 320 3864 quarti
337 3765 502 3838 exeuntis
520 3764 638 3837 finem
656 3763 851 3862 florebat),
875 3790 994 3864 quum
1016 3763 1064 3836 ad
1087 3790 1155 3836 nos

101 3913 169 3986 per
188 3902 247 3961 tot
269 3889 468 3988 injuriosas
489 3905 709 3991 temporum
731 3891 826 3965 vices
849 3889 1156 3992 explanationem

101 4010 302 4085 vernacula
342 4010 471 4113 lingua
512 4015 724 4089 confectam
759 4002 960 4103 attulerit,
999 4012 1156 4111 antiquo

103 4132 217 4233 simul
231 4148 269 4209 et
284 4135 407 4234 latino
420 4138 587 4216 debitam
602 4141 776 4241 scriptori
793 4138 894 4239 apud
913 4166 982 4213 nos
1000 4136 1158 4210 auctori·
