2670 4824
303 363 548 434 secuuou
570 363 855 432 animosus.
1061 371 1102 450 4³

63 515 144 558 mam
158 489 302 557 aliorum
315 489 487 555 restituere
502 486 626 568 studet,
648 504 706 552 aut
723 489 849 553 auctori
863 509 960 553 suum
975 509 1104 554 morem

62 597 236 663 vindicare.
256 597 416 685 Pleraque
429 617 470 658 ex
486 592 538 658 his
557 593 591 657 in
611 594 792 682 marginem
805 594 912 659 autin
928 594 1104 659 lectionem

61 705 240 769 variantem
262 724 300 768 ac
320 701 467 766 criticam
490 698 626 789 rejicere
650 700 750 764 satius
772 716 837 764 est:
858 700 892 763 in
915 716 1104 781 contextum

61 809 141 879 nibil
151 805 406 886 admittendum,
419 807 482 870 nisi
493 804 583 895 quod
595 821 662 869 tam
673 804 801 894 liquido
814 821 951 884 constet,
966 807 1105 871 utnulla

61 913 238 994 dubitatio,
251 911 376 976 nedum
390 911 566 990 cavillatio,
582 908 664 974 illud
679 911 858 998 infringere
872 911 985 999 possit.

100 1021 142 1083 ln
156 1019 223 1082 alio
238 1018 365 1084 critices
375 1039 496 1106 genere
510 1016 656 1080 severior
668 1016 727 1094 fui,
742 1015 777 1078 in
791 1038 841 1095 eo,
857 1017 1002 1105 inquam,
1014 1014 1105 1105 quod

61 1123 100 1189 ad
115 1124 230 1189 ulcera
243 1103 450 1210 detegenda,
470 1120 513 1185 ad
530 1142 644 1186 versus
660 1118 862 1184 adulterinos
881 1136 913 1185 et
931 1121 1107 1209 suppositi·

10 1206 13 1221 ,
61 1229 135 1308 tios,
152 1243 295 1316 spectat:
309 1224 580 1315 quandoquidem
595 1225 692 1288 nimis
706 1225 803 1289 alieni
814 1224 856 1289 ab
868 1248 907 1289 ea
918 1227 1108 1313 suspicione

61 1334 153 1397 fuere
175 1331 330 1396 editores.
355 1331 466 1395 Erexit
487 1330 633 1395 animum
657 1329 811 1395 Brunckii
833 1331 1026 1410 auctoritas,
1047 1331 1106 1419 qui

62 1437 264 1525 suspiciones
278 1435 377 1526 hujus
391 1437 521 1524 generis
535 1459 554 1500 a
570 1459 623 1499 me
643 1436 897 1501 communicatas
913 1458 974 1524 pro
988 1434 1106 1525 judicii

61 1542 211 1606 acumine
234 1539 415 1606 admodum
438 1539 607 1629 probavit,
634 1557 669 1604 et
689 1541 723 1604 in
745 1539 890 1604 editione
913 1563 971 1605 sua
991 1563 1107 1606 versus

62 1645 165 1734 ejecit.
183 1647 283 1710 Nolui
294 1662 404 1710 tamen
415 1647 643 1712 auctoritatem
658 1647 752 1735 sequi
769 1647 803 1710 in
815 1644 879 1711 hoc
890 1669 1038 1736 quoque,
1052 1664 1102 1727 ut,

10 1816 12 1821 .
61 1774 132 1839 quae
144 1768 298 1838 suspecta
313 1768 435 1830 essent,
451 1750 673 1817 rescinderem
687 1769 720 1815 et
737 1774 776 1815 ex
787 1767 942 1816 contextu
954 1774 1107 1817 excerne-

61 1878 146 1938 rem,
166 1881 244 1921 nam
261 1858 406 1946 primum
420 1855 455 1921 id
469 1857 550 1921 mihi
566 1857 739 1923 videbatur
756 1858 962 1947 imperiosius
981 1859 1105 1923 factum

61 1987 159 2052 quarn
178 1987 290 2027 meum
307 1962 442 2053 quidem
461 1965 631 2052 ingenium
645 1965 765 2028 ferret:
783 1981 854 2027 tum
870 1986 1001 2028 versum
1018 1987 1107 2052 quae-

62 2069 209 2134 rentibus
228 2087 261 2134 et
276 2069 400 2134 librum
424 2069 651 2134 evolventibus
672 2068 767 2133 valde
791 2069 968 2133 molestum
990 2084 1057 2148 est,
1077 2070 1105 2133 si

61 2198 216 2244 versuum
231 2201 406 2242 numerum
420 2178 587 2243 turbatum
603 2200 673 2244 esse
688 2177 830 2242 videant.

101 2285 271 2348 Lectionis
285 2285 485 2363 varietatem,
500 2285 620 2372 partim
635 2307 674 2348 ex
688 2283 930 2347 Burmanniana
942 2281 1104 2360 haustam,

57 2390 180 2476 partim
192 2412 232 2453 ex
241 2388 406 2467 Pierianis,
420 2390 634 2468 Martinianis,
649 2389 788 2478 aliisque
800 2385 969 2453 codicibus
984 2402 1017 2450 et
1028 2385 1104 2450 edd.

57 2492 200 2557 dimidio
222 2494 416 2573 auctiorem,
438 2516 507 2558 non
527 2493 628 2559 modo
652 2495 806 2559 intactam
829 2492 967 2582 reliqui,
989 2514 1107 2557 verum

57 2599 160 2663 etiam
180 2597 439 2663 emendatiorem
460 2598 590 2668 reddidi
610 2616 643 2664 et
665 2601 760 2664 novis
780 2598 1040 2677 accessionibus,
1063 2596 1107 2662 de

55 2704 184 2794 quibus
196 2721 271 2791 post
285 2702 406 2784 dicam,
419 2705 632 2793 locupletavi:
651 2729 727 2770 cum
741 2705 843 2770 semel
857 2703 892 2768 id
906 2727 1002 2792 agere
1016 2705 1107 2769 insti-

54 2812 212 2888 tuissem,
232 2826 281 2889 ut,
291 2826 464 2899 ‘quotquot
483 2810 618 2900 quidem
634 2812 792 2876 lectiones
808 2811 969 2874 variantes
985 2808 1106 2887 alicubi

55 2931 200 3003 repertae
220 2931 341 2993 essent,
364 2916 398 2978 in
418 2914 483 2981 hoc
502 2917 616 2981 saltem
634 2933 732 3005 poeta
754 2917 787 2979 in
806 2939 906 2980 unam
925 2914 1111 2980 editionem

57 3036 171 3083 essent
187 3036 370 3107 congestae:
391 3037 428 3084 ut
447 3020 512 3086 hoc
529 3022 678 3109 exemplo
695 3022 866 3109 proposito
879 3019 1107 3086 adolescentes

54 3123 200 3188 studiosi
215 3125 350 3188 omnino
360 3126 513 3189 variantis
528 3127 561 3190 in
572 3125 669 3191 codd.
681 3142 714 3192 et
726 3125 801 3191 edd.
815 3127 964 3192 lectionis
978 3149 1106 3191 morem

58 3245 92 3292 et
106 3251 206 3292 usum
219 3227 435 3309 addiscerent,
447 3231 679 3320 sollennesque
688 3232 799 3320 lapsus
812 3249 845 3296 et
857 3233 1106 3297 allucinationes

56 3333 270 3397 librariorum
284 3334 345 3398 sibi
360 3335 535 3399 familiares
549 3335 736 3401 redderent.
749 3337 868 3400 Curavi
882 3353 991 3401 tamen
1008 3337 1106 3402 simul

59 3437 140 3518 boc,
163 3456 200 3502 ut
218 3437 283 3502 hoc
300 3440 371 3526 ipso
391 3442 542 3528 exemplo
556 3443 727 3529 proposito
742 3440 931 3505 omninode
950 3457 1019 3506 toto
1040 3440 1106 3504 hoc

61 3565 183 3630 genere
199 3560 287 3608 recte
306 3560 447 3609 statuere
470 3564 704 3612 assuescerent.
726 3549 814 3633 Bene
836 3547 924 3611 enim
943 3570 982 3611 ex
1000 3548 1105 3635 prima

63 3665 156 3713 aetate
168 3649 337 3730 recordor,
353 3675 453 3740 quam
466 3676 583 3740 parurn
597 3655 763 3742 explicitas
782 3671 815 3719 et
829 3653 933 3744 justas
952 3653 1106 3716 notiones

65 3750 108 3816 de
119 3755 262 3820 lectione
274 3757 418 3821 variante
436 3757 638 3822 imbiberim:
654 3783 729 3824 curn
747 3782 813 3823 non
832 3757 933 3822 modo
950 3755 1107 3821 eruditio·

68 3857 115 3920 nis
126 3856 268 3923 liberalis
280 3882 441 3925 summam
456 3863 489 3925 in
505 3863 624 3941 critica,
640 3866 864 3928 verumetiam
876 3863 1004 3927 critices
1018 3885 1107 3927 sum·

71 3979 151 4025 tuam
164 3965 197 4027 in
213 3965 362 4030 lectionis
373 3968 526 4031 variantis
540 3967 746 4054 diligentiore
759 3969 868 4034 studio
883 3984 916 4032 et
928 3968 962 4032 in
974 3968 1108 4034 elicien-

75 4061 109 4127 da
119 4068 226 4158 aliqua
241 4071 329 4138 felici
343 4071 572 4153 emendatione
588 4074 640 4139 vel
654 4074 858 4165 conjectura,
873 4073 1035 4138 contineri
1048 4094 1105 4140 au·
