2670 4824
63 385 1108 427 mmmmmwwmmmmmmmwtmwb

677 445 680 459 t

333 537 848 738 pissimo

236 872 532 966 TERTIAE
569 879 937 972 EDITIONIS

418 1100 526 1167 suni
545 1104 767 1168 MDCCClll.

67 1385 201 1522 QUOD
219 1443 287 1494 nec
301 1420 531 1522 expectabam
546 1449 613 1497 nec
627 1424 837 1524 sperabam,
858 1445 900 1499 ut
919 1433 1019 1500 tertia
1037 1432 1113 1501 vice

66 1535 118 1605 nd
132 1535 332 1635 Virgilium
349 1542 453 1608 novis
467 1541 564 1610 curis
582 1541 852 1612 retractandum
868 1567 1051 1631 evocarer,
1075 1541 1115 1613 id

68 1648 164 1721 mihi
185 1655 335 1749 propitii
356 1655 520 1724 numinis
542 1652 720 1725 beneficio
745 1658 906 1754 contigit.
929 1660 1012 1728 Post
1036 1683 1117 1754 prr:

69 1770 287 1845 mamenim
301 1765 502 1837 editionem
517 1771 623 1838 annis
643 1770 732 1869 1767
754 1769 801 1840 ad
820 1769 908 1871 1775
931 1787 1114 1858 curatam,

66 1903 157 1950 cum
171 1879 285 1951 editio
300 1884 440 1971 minor,
457 1879 504 1952 ad
520 1880 636 1954 solam
653 1887 985 1981 interpretationem
1000 1878 1116 1981 poet'ae

66 1996 250 2082 instituta,
276 2019 375 2066 anno
404 2019 493 2094 ¹779
522 2022 652 2067 excusa
677 2014 781 2084 esset,
812 2001 944 2069 iterum
963 2021 1112 2094 operam

68 2130 190 2179 meam
203 2112 236 2180 ei
251 2109 484 2181 commodavi
498 2113 537 2180 in
552 2110 710 2181 editione
726 2107 836 2180 altera
851 2112 957 2181 annis
974 2110 1115 2210 1787-s

75 2223 164 2320 1789
182 2222 346 2322 vulgata,
363 2240 397 2294 et
413 2223 554 2322 aliquot
566 2227 674 2295 annis
688 2239 810 2320 postea
830 2221 991 2294 Londini
1011 2248 1114 2320 repe-

66 2340 151 2428 tita3
180 2363 271 2409 cum
294 2341 428 2409 interea
453 2337 556 2436 prelo
579 2340 726 2434 repetita
748 2354 836 2409 esset
858 2337 969 2408 editio
992 2339 1116 2406 minor

67 2449 296 2523 emendatior
314 2476 413 2523 anno
440 2452 541 2552 1789.
567 2451 711 2523 Judicia
735 2467 899 2550 expertus
914 2477 996 2523 sum
1017 2455 1115 2522 viro-

67 2590 154 2637 rum
172 2566 369 2637 doctorum
395 2583 469 2637 tam
491 2565 670 2654 liberalia,
694 2583 736 2636 ut
759 2591 800 2637 ea
826 2570 902 2663 ipsa
925 2564 1017 2636 mihi
1040 2563 1114 2636 hoe

68 2696 246 2778 tanquam
264 2706 359 2752 onus
381 2685 570 2779 imponere
589 2680 819 2770 viderentur,
843 2695 904 2768 ut,
932 2695 1115 2778 quantum

67 2819 228 2891 possem,
243 2794 408 2866 studium
419 2799 460 2865 in
478 2794 706 2866 emendanda
722 2811 756 2866 et
770 2793 989 2892 perficienda
1004 2817 1114 2889 opera

67 2933 148 2980 mea
169 2907 398 2981 collocarem.
424 2910 548 3007 anue
567 2913 606 2979 in
630 2935 668 2979 re
687 2925 788 2980 tanto
804 2907 1005 3007 religiosius
1019 2904 1112 2981 mihi

66 3024 288 3095 versandum
301 3048 376 3095 esse
395 3028 536 3122 putavi,
557 3041 697 3123 quanto
719 3021 849 3094 melius
870 3027 946 3122 ipse
966 3027 1113 3125 cognita

65 3163 110 3208 ac
137 3154 322 3235 perspecta
352 3137 523 3210 haberem
554 3164 595 3209 ca
624 3163 706 3236 quae
736 3142 775 3209 in
803 3136 866 3209 illa
891 3161 1000 3236 opera
1028 3162 1110 3211 mea

64 3268 130 3322 sut
147 3250 384 3324 desideranda
398 3269 530 3341 essent,
544 3269 611 3324 sut
630 3252 732 3325 aliter
754 3253 1017 3325 constituenda.
1041 3255 1111 3326 Ne-

64 3390 253 3465 quaquam
272 3371 370 3439 enim
393 3368 439 3439 ad
462 3366 658 3466 Virgilium
679 3391 775 3439 nova
793 3364 1031 3439 annotatione
1050 3371 1110 3439 in·
1163 3432 1176 3447 ,

64 3482 285 3553 struendum
308 3507 350 3552 eo
369 3486 496 3553 animo
517 3499 550 3552 et
568 3481 723 3553 consilio
740 3507 980 3570 accesseram,
1004 3480 1110 3579 quod
1140 3510 1148 3537 r

65 3612 189 3692 postea
204 3613 379 3694 sequutus
391 3622 486 3668 sum.
502 3598 596 3668 Nam
607 3620 709 3685 cum,
725 3614 809 3668 ante
824 3620 941 3667 annos
954 3593 1022 3666 hos
1035 3594 1111 3667 fere

65 3714 213 3808 triginta
226 3713 408 3809 quinque,
426 3739 446 3782 a
461 3709 625 3801 librario,
640 3710 776 3783 sollerti
790 3728 825 3782 et
839 3709 993 3783 honesto
1007 3714 1106 3802 viro,

61 3842 303 3921 quaereretur,
327 3830 391 3923 qui
412 3826 608 3897 editionem
628 3825 771 3925 Virgilii
794 3811 888 3898 notis
913 3824 1051 3902 selectis
1071 3840 1108 3900 et

61 3944 238 4036 excerptis
254 3944 431 4039 novisque
447 3941 637 4013 nonnullis
655 3942 849 4040 adspersis,
871 3944 1104 4034 instructum,

61 4051 171 4151 cujus
193 4059 334 4154 generis
357 4056 529 4131 editiones
555 4061 619 4131 ista
641 4072 741 4129 aetate
765 4061 804 4130 iu
828 4077 962 4155 magna
986 4057 1106 4141 existis

904 4183 926 4219 Ι.
