2670 4824
255 357 296 433 24
451 349 516 414 nx
538 345 873 414 enormiora
895 344 1027 412 rom
1051 347 1101 413 u.

254 472 379 561 ingenii
392 489 425 537 et
438 470 573 563 judicii,
588 493 656 560 quo
670 470 725 535 ille
739 470 939 550 celebratur,
955 470 1025 536 laus
1039 494 1078 536 ea
1089 472 1124 536 in
1137 492 1174 536 re
1192 472 1300 569 inpri-

255 580 318 643 inis
333 578 476 644 emineat
487 580 627 662 (vanum
641 577 730 641 enim
748 593 812 655 est,
833 574 924 666 quod
942 578 1064 642 multos
1073 576 1224 667 judicare
1238 602 1300 644 au-

179 731 187 750 .
256 681 337 762 dias,
352 699 484 770 poetam
498 682 608 747 omnia
621 679 764 770 ingenio,
779 681 862 745 nihil
874 683 949 761 arti,
965 668 1148 768 debuisse),
1162 684 1304 749 investi·

257 785 364 873 ganda
384 809 455 851 esse
478 787 609 875 putavi,
632 806 707 875 quae
730 803 839 851 essent
858 787 918 850 vel·
933 786 1104 853 inventae
1123 805 1224 876 poeta
1245 791 1302 852 vel

257 891 406 971 aliunde,
428 892 568 956 maxime
587 914 605 956 e
624 892 759 970 Graecis,
780 893 948 972 translatu,
965 916 1042 958 cum
1059 894 1094 957 in
1110 897 1181 960 toto
1202 917 1299 983 argu·

257 1012 371 1061 mento
385 1013 418 1061 et
431 998 567 1062 materia
580 996 782 1086 singulisque
795 998 864 1087 ejus
879 998 1039 1087 partibus,
1054 1016 1125 1064 tum
1138 1001 1173 1064 in
1187 1023 1300 1065 rerum

258 1100 502 1192 uerborumque
517 1103 727 1168 ornamentis.
744 1104 825 1184 Quae
838 1125 891 1169 res
905 1127 981 1169 cum
995 1127 1063 1169 non
1075 1127 1207 1194 semper
1222 1122 1300 1170 nota

258 1207 368 1297 aliqua
385 1207 560 1273 commodo
573 1206 811 1295 comprehendi
831 1226 957 1294 posset,
979 1208 1037 1275 sed
1055 1211 1090 1275 in
1105 1209 1299 1297 disputatio-

260 1336 337 1377 nem
353 1313 465 1402 paullo
481 1313 665 1401 longiorem
683 1327 885 1377 excurreret:
904 1328 1058 1398 praestore
1071 1315 1200 1401 putavi,
1216 1318 1300 1381 utin

260 1417 428 1484 Exeursus
438 1432 514 1503 post
522 1419 661 1507 singulos
675 1416 771 1482 libros
785 1419 917 1483 insertos
932 1416 1008 1480 talia
1021 1416 1202 1506 rejicerem.

305 1524 386 1606 Quae
400 1523 482 1587 mihi
499 1525 667 1612 proposita
684 1523 822 1601 fuerint,
842 1522 984 1609 ingenue
1002 1524 1159 1610 exposui3
1177 1524 1300 1589 nollem

261 1650 315 1692 me
330 1644 397 1692 tam
408 1627 506 1716 longe
523 1628 636 1694 abesse
651 1628 693 1693 ab
713 1651 752 1692 eo
771 1624 862 1718 quod
879 1643 1037 1716 sequutus
1052 1649 1136 1692 sum.
1156 1628 1240 1694 Satis
1255 1646 1299 1696 tu·
1328 1612 1331 1617 ¹

261 1757 339 1798 men
353 1732 435 1821 mihi
450 1749 514 1813 est,
534 1734 656 1822 poetici
673 1734 780 1798 cultus
795 1746 993 1822 ornatusque
1008 1731 1213 1812 declarandi,
1233 1758 1300 1799 om·

262 1838 411 1925 uinoque
433 1854 541 1925 poetae
567 1836 830 1928 interpretandi,
855 1837 1043 1927 exemplum
1067 1840 1300 1926 proposuisse3

263 1939 354 2030 quod
368 1963 430 2005 nec
441 1941 550 2006 minus
564 1940 606 2006 ad
615 1943 755 2008 aliorum
766 1958 947 2031 poetarum,
960 1944 1057 2006 etiam
1070 1944 1300 2023 recentiorum,

262 2045 438 2112 lectionem
450 2048 511 2111 rite
525 2046 770 2126 instituendam,
785 2049 958 2113 utilitatem
972 2047 1093 2112 habere
1107 2049 1221 2137 possit.
1235 2051 1300 2117 Sur.

265 2160 299 2245 iu
313 2152 397 2223 alma
409 2153 549 2242 Georgia
560 2157 719 2244 Augusta,
735 2154 767 2219 d.
785 2175 826 2218 22
840 2154 960 2244 Aprilis
978 2178 1072 2243 ¹771·
