2670 4824
151 372 192 453 lo
538 370 804 436 rnnrlrro

142 491 272 581 judicio
283 515 359 558 meo
372 491 529 558 dilectum
548 514 712 582 usumque
729 495 947 584 relinqueret,
966 498 1065 562 etiam
1081 523 1188 567 meum

148 599 317 685 ingenium
339 600 373 662 in
394 597 607 663 defendendo
628 616 726 687 poeta
748 599 905 666 adversus
927 625 964 666 ea
987 627 1062 692 quae
1085 629 1189 697 repre-

148 703 250 769 hensa
260 720 378 783 essent,
390 706 462 770 acui
474 707 640 769 sentirem.
654 708 693 769 ln
706 707 817 771 multis
825 706 988 797 judicium
999 711 1061 774 viri
1073 712 1190 781 subtile

142 807 213 896 jam
236 809 270 872 in
290 811 400 898 priore
415 808 560 874 editione
578 825 835 892 anteverteram3
859 813 921 877 alia
942 836 1032 882 nunc
1052 820 1190 906 apposui

148 914 302 1001 praeclare
320 914 555 980 animadversa.

192 1022 297 1084 Fuere
314 1021 374 1085 viri
390 1020 492 1100 docti,
516 1022 573 1109 qui
588 1021 656 1085 sive
674 1021 855 1109 per-literas
872 1023 941 1087 sive
955 1024 1086 1112 scriptis
1099 1027 1190 1114 prelo

147 1127 306 1212 expressis
321 1148 380 1190 seu
395 1125 520 1189 monita
533 1148 592 1190 seu
611 1126 747 1191 consilia
765 1148 823 1191 seu
843 1128 1048 1217 conjecturas
1068 1131 1104 1193 in
1122 1132 1192 1195 Vir·

147 1231 262 1318 gilium
285 1253 416 1296 mecum
441 1232 741 1311 communicarent,
764 1233 798 1294 in
823 1231 875 1296 his
900 1231 950 1297 Jo.
978 1232 1084 1298 Henr.
1107 1234 1190 1300 Lud.

146 1337 337 1410 Macrone,
351 1337 384 1399 in
397 1335 509 1400 libello
523 1360 623 1426 quem
642 1337 827 1424 inscripsit:
845 1337 900 1401 De
918 1337 1013 1403 rebus
1023 1339 1073 1404 ad
1084 1356 1190 1407 aucto·

66 1441 68 1444 ⁴
146 1464 196 1504 res
207 1439 364 1531 quosdam
374 1442 523 1508 classicos
533 1441 768 1528 pertinentibus
778 1441 893 1507 Dubris
901 1442 1026 1508 -Ctn
1041 1441 1087 1510 G.
1100 1444 1192 1536 Hey·

146 1569 187 1607 ne
196 1549 354 1631 proponit.
371 1547 522 1625 Berolini‚
544 1546 635 1634 1785,
652 1547 681 1610 8.
698 1547 798 1611 Grato
813 1549 923 1612 animo
937 1550 1049 1637 accepi
1061 1553 1190 1633 omnia;

146 1651 362 1740 transtulique
385 1653 419 1714 in
444 1674 555 1715 meum
579 1673 676 1715 usum
700 1674 738 1715 ea
762 1675 836 1740 quae
860 1653 914 1716 vel
936 1653 1048 1718 locum
1070 1655 1191 1720 habere

145 1779 242 1845 posse
253 1759 307 1822 vel
318 1759 455 1823 consilio
467 1780 542 1822 meo
555 1757 757 1847 respondere
771 1759 960 1823 arbitrabar.
981 1763 1124 1826 Potuere
1138 1782 1189 1827 me

145 1865 259 1953 fugere
280 1867 360 1947 alia,
385 1869 534 1955 inprimis
557 1869 590 1932 in
614 1867 821 1933 versionibus
846 1869 993 1933 virorum
1016 1868 1190 1936 doctorum

144 1970 294 2053 latentia,
311 1972 353 2037 ad
372 1972 443 2038 haec
461 1989 571 2037 tamen
586 1996 725 2062 operose
747 1972 932 2061 indaganda
953 1991 985 2039 et
1006 1974 1190 2064 colligenda

144 2079 241 2144 nimis
259 2103 347 2144 eram
366 2098 545 2169 occupatus
564 2081 598 2144 in
617 2081 688 2144 eliis
707 2079 833 2145 studiis.
853 2082 994 2145 Potuere
1009 2083 1109 2147 etiam
1133 2102 1190 2171 per

144 2184 326 2265 intervalla,
345 2185 466 2274 quibus
479 2184 698 2273 deponendus
711 2207 750 2249 ex
765 2184 915 2249 manibus
931 2202 999 2250 erat
1016 2187 1187 2275 Virgilius,

144 2306 177 2353 et
199 2313 260 2377 per
281 2291 561 2379 interpellationes
583 2290 732 2369 crebrae,
757 2288 859 2353 multa
884 2291 995 2354 animo
1019 2291 1188 2372 excidere,

143 2418 242 2460 nemo
262 2397 372 2484 itaque
391 2397 425 2458 in
441 2393 599 2457 invidiam
616 2393 772 2469 adducat,
791 2387 818 2459 si
838 2393 918 2483 quid
937 2418 955 2459 a
974 2417 1009 2460 se
1025 2399 1188 2462 monitum

144 2501 229 2565 forte
252 2523 321 2564 non
344 2516 638 2564 commemoratum
662 2502 832 2588 repererit.
860 2501 1030 2566 Professus
1054 2495 1188 2592 quoque

139 2605 208 2694 jam
226 2605 267 2670 ab
282 2607 375 2670 initio
390 2628 496 2684 eram,
517 2629 585 2669 non
604 2628 676 2669 eam
694 2604 874 2670 editionem
893 2628 947 2670 me
963 2599 1095 2695 parare,
1116 2630 1188 2697 quae

144 2712 267 2790 omnia,
293 2735 367 2802 quae
388 2722 536 2801 unquam
557 2712 591 2774 in
612 2713 785 2775 Maronem
803 2709 1030 2776 animadversa
1050 2713 1116 2776 sint
1132 2729 1190 2778 aut

143 2817 360 2883 animadverti
382 2818 525 2906 possint,
548 2817 803 2904 complectatur,
824 2814 883 2879 sed
905 2839 979 2905 quae
1001 2811 1194 2906 profundo

145 2941 242 3003 esset,
265 2925 318 2989 cui
337 2924 392 2987 alii
415 2938 694 3010 superstruerent,
717 2919 890 3001 adderent,
916 2921 1105 3002 demerent,
1129 2944 1189 3012 pro

143 3031 281 3095 consilio
292 3046 349 3094 aut
361 3029 487 3093 ratione
499 3044 556 3091 aut
569 3027 740 3115 copiarum
752 3049 886 3091 suarum
897 3044 1065 3114 apparatu.

188 3137 271 3199 Cum
281 3136 350 3226 jam
362 3150 532 3224 peraretur
544 3157 564 3197 a
577 3133 710 3198 librario
722 3155 808 3197 nova
819 3131 890 3197 haec
903 3132 1018 3212 editio,
1033 3133 1067 3196 in
1080 3133 1188 3199 lucem

144 3240 267 3330 prodiit
289 3241 445 3330 praeclara
473 3237 568 3303 Rich.
595 3238 714 3303 Franc.
739 3236 825 3302 Phil.
852 3236 1013 3301 Brunclrii
1038 3242 1190 3304 recensio

143 3348 349 3434 Argentorati
361 3350 478 3410 excuse
489 3343 593 3409 nitide
606 3360 639 3407 et
650 3341 833 3407 emendate.
845 3343 1129 3409 Animadverterat
1142 3346 1191 3409 vir

144 3450 352 3516 doctissimus
372 3449 528 3539 idemque
547 3447 753 3513 acutissimus
772 3449 922 3526 criticus,
943 3471 1095 3536 magnam
1117 3472 1189 3514 esse

143 3558 312 3644 scripturae
333 3555 585 3621 inconstantiam
601 3554 635 3615 in
654 3553 832 3615 Burmanni
848 3554 1056 3633 recensione,
1079 3578 1099 3619 a
1123 3568 1190 3644 que

143 3684 205 3728 nec
223 3663 296 3750 ipse
319 3662 353 3724 in
376 3661 486 3750 priore
510 3657 654 3722 editione
675 3656 831 3721 recedere
852 3657 1041 3737 volueram
1062 3660 1192 3725 scilicet

132 3767 235 3857 'quod
248 3783 333 3846 tum,
348 3765 542 3852 cumprime
556 3761 598 3826 ad
614 3762 787 3850 Virgilium
804 3761 1013 3842 accederem,
1034 3765 1190 3829 nondum

143 3895 382 3962 cognoveram,
412 3867 575 3933 redditam
602 3890 672 3932 esse
693 3890 810 3956 parum
835 3884 984 3932 accurate
1007 3867 1191 3933 lectionem

144 3980 356 4044 Heinsianam
372 4000 392 4041 a
407 3977 611 4055 Burrnann03
631 3974 712 4064 quin
726 3975 811 4038 forte
824 3973 1011 4060 exemplum
1023 3996 1092 4036 non
1109 3977 1193 4039 satis

144 4084 354 4151 emendatum
375 4081 483 4171 operis
504 4080 642 4148 librariis
664 4076 894 4146 excudendum
915 4066 1109 4144 tradiderat.¹
1124 4081 1194 4144 Ex·
