2670 4824
301 375 545 441 SECUNDAE
567 373 850 439 EDITIONIS.
1056 377 1096 443 35

55 516 86 563 te
100 497 254 561 instruas.
270 496 321 558 An
334 496 521 583 plantarum
532 494 736 584 aliarumque
750 517 862 559 rerum
875 495 1008 559 nomina
1023 498 1098 560 Lin-

55 624 168 666 naeana
181 622 401 689 apponerem,
418 600 476 664 diu
490 598 655 678 dubitavi3
673 622 801 677 verum,
820 600 966 663 virorum
985 599 1096 665 docto·

56 730 128 770 rum
144 704 283 796 judiciis
300 706 491 794 exploratis,
511 702 579 769 vidi
600 706 633 768 in
652 705 819 793 plerisque
838 706 1011 793 opiniones
1027 727 1098 770 esse

55 813 159 876 varias
174 829 209 875 et
223 812 309 875 inter
322 834 357 876 se
370 811 535 890 dissonas,
552 833 629 874 cum
642 811 753 898 itaque
767 833 836 874 rem
851 832 869 874 a
884 811 964 874 meis
983 811 1099 875 studiis

54 918 196 980 alienam
206 940 275 980 non
288 917 331 980 ita
342 932 479 981 tractare
493 938 635 1003 possem,
649 932 685 979 ut
699 938 773 979 meo
786 917 963 1004 quicquam
972 915 1099 1005 judicio

57 1021 247 1101 definirem,
262 1021 366 1086 allatis
381 1038 492 1085 autem
506 1022 603 1084 variis
621 1020 761 1084 aliorum
775 1019 908 1109 judiciis
925 1020 1007 1084 nihil
1025 1044 1100 1108 pro-
1141 1070 1149 1085 .

46 1128 206 1206 ¹fioerem,
227 1151 288 1193 nec
309 1128 414 1215 longis
436 1125 711 1214 disputationibus
731 1127 764 1189 in
783 1142 889 1214 poetae
910 1127 1101 1214 interpreta-

32 1293 35 1297 .
56 1235 147 1317 tione
161 1235 256 1300 locus
272 1250 370 1312 esset,
390 1232 482 1297 nolui
502 1231 676 1296 consilium
698 1230 779 1295 illud
796 1248 925 1309 tenere,
946 1231 1005 1296 sed
1022 1256 1099 1298 auc-

57 1355 159 1418 tores,
177 1341 235 1428 qui
247 1339 381 1427 antiqua
394 1339 529 1403 nomina
543 1337 759 1415 illustrarunt,
774 1339 874 1426 inque
888 1337 939 1403 his
952 1339 1100 1426 inprimis

58 1443 241 1507 Martinum
252 1444 346 1532 sequi
361 1443 437 1505 satis
449 1441 560 1506 habui.

100 1550 188 1611 Cum
201 1545 244 1611 de
258 1547 527 1635 interpretatione
542 1548 681 1610 maxime
693 1568 799 1609 essem
816 1548 990 1626 sollicitae,
1011 1564 1043 1611 et
1064 1571 1102 1611 ea

58 1651 197 1740 quidem
220 1650 402 1740 ejusmodi,
433 1668 469 1715 ut
496 1673 564 1715 nou
587 1651 687 1715 verba
711 1649 831 1729 modo,
860 1651 919 1716 sed
937 1650 1102 1740 judicium

58 1771 181 1842 poetae,
197 1757 369 1819 inventum
382 1771 415 1819 et
429 1772 548 1834 artem,
565 1753 778 1832 declararem,
793 1757 902 1843 primo
917 1758 1036 1820 iterum
1054 1759 1103 1820 in·

58 1863 149 1949 spexi
164 1877 292 1926 veteres
305 1864 514 1950 interpretes,
530 1884 568 1925 ex
582 1863 702 1951 iisque,
717 1884 790 1949 quae
804 1863 890 1949 frugi
905 1879 1031 1940 essent,
1047 1861 1103 1925 ad-

58 1969 156 2047 scivi3
172 1967 342 2032 Macrobio
357 1983 390 2031 et
402 1967 492 2031 Julio
506 1966 625 2031 Sabino
641 1968 674 2029 in
688 1983 796 2053 partes
811 1983 971 2045 assumto,
983 1969 1102 2030 iterum

56 2073 90 2137 in
105 2073 270 2137 Bucolicis
283 2072 513 2151 Theocritum,
525 2072 559 2134 in
575 2072 742 2157 Georgicis
754 2071 934 2158 Scriptores
949 2072 1008 2134 Rei
1023 2073 1103 2134 Rus-

55 2178 131 2242 ticae
150 2177 472 2265 et'Geoponicorum
491 2176 685 2263 Scriptores,
707 2177 742 2237 in
763 2174 899 2239 AEneide
921 2177 1103 2238 Homerum

55 2299 173 2347 mente
194 2306 232 2347 ac
251 2283 410 2346 memoria
429 2281 573 2360 recolui3
593 2299 664 2344 tum
685 2303 765 2343 vero
784 2303 851 2343 non
869 2302 987 2366 parum
1005 2278 1103 2343 inter-

54 2390 280 2477 pretationem
295 2404 401 2475 poetae
415 2387 587 2450 meliorem
601 2386 763 2476 adjuvisse
775 2384 891 2448 videor
904 2384 1103 2472 argumentis

55 2490 326 2582 diligentioribus
340 2493 528 2581 praemissis,
545 2492 694 2580 inprimis
707 2491 867 2556 Bucolicis
882 2507 915 2553 et
925 2491 1102 2578 Georgicis,

54 2599 184 2689 quibus
199 2597 334 2687 quidem
348 2597 437 2661 nulla
451 2595 559 2661 adhuc
573 2595 757 2686 adjeceram
771 2612 971 2681 argumenta.
993 2594 1104 2660 Omni-

56 2729 106 2769 no
131 2704 361 2768 Bucolicorum
381 2719 414 2766 et
432 2702 669 2788 Georgicorum
686 2699 840 2787 expolitio
862 2700 895 2762 in
913 2698 975 2763 hac
994 2721 1104 2763 recen-

56 2812 157 2875 sione
168 2808 364 2873 elaboratiur
373 2823 422 2873 est
434 2830 534 2896 quam
548 2798 582 2869 in
596 2808 710 2893 prima.
727 2807 888 2869 Excursus
898 2803 978 2869 alios
989 2804 1104 2869 refinxi

58 2933 94 2980 et
109 2915 296 2993 retractavi,
312 2914 392 2977 alios
407 2911 512 3002 adjeci
531 2931 653 2976 novos:
675 2911 834 2975 Bucolicis
850 2909 985 2998 quidem
998 2931 1104 2975 acces-

57 3043 135 3085 sere
151 3037 308 3109 quatuor:
326 3021 350 3082 1.
365 3018 490 3107 Eeloga
504 3016 528 3080 I
529 3016 567 3083 V
571 3041 675 3106 ἔωσε
688 3040 802 3089 versa,
816 3018 858 3080 ll.
874 3013 916 3079 de
929 3015 967 3081 V
960 3040 1033 3091 aru,
1043 3016 1102 3079 111.

57 3124 150 3190 deC.
162 3113 309 3189 Cornelio
320 3120 421 3190 Gallo
432 3121 685 3209 etEuplzon'onis
700 3121 917 3194 Ctilnsfflv,
928 3118 1102 3210 deScylla.

60 3230 252 3318 Georgicis:
270 3229 325 3292 lib.
340 3231 386 3292 IV
400 3231 475 3293 Exc.
492 3228 517 3291 l.
536 3227 579 3292 de
593 3226 730 3292 Pletitde
743 3227 869 3292 Piscem
878 3226 1043 3314 fitgtente,
1061 3227 1103 3289 ll.

59 3334 105 3399 de
116 3333 348 3423 Nympharum
360 3332 454 3398 ᾰοιηο
466 3350 501 3398 et
510 3332 614 3397 Penei
625 3337 724 3422 regno.
742 3331 869 3396 AEneidi
880 3348 1006 3396 autem:
1018 3329 1073 3394 lib.
1090 3330 1104 3393 l

63 3442 142 3504 Exc.
159 3439 196 3502 Γ.
212 3438 254 3502 de
267 3443 442 3503 ministerio
454 3437 605 3515 deorum,
619 3441 765 3524 inprimis
777 3437 927 3509 lunonis,
943 3440 977 3500 in
990 3436 1104 3499 AEnet'·

63 3544 122 3619 de,
135 3543 222 3614 Vll'.
245 3542 287 3607 de
309 3542 478 3608 Antenore
489 3571 501 3621 ,·
524 3544 579 3607 lib.
602 3544 633 3606 ll
658 3546 733 3607 Exc.
758 3543 825 3606 ΙΨ.
845 3541 888 3605 de
905 3536 1105 3616 Palamedn

66 3649 123 3712 lib.
139 3651 186 3712 IX
202 3650 278 3713 Exc.
300 3650 324 3712 l.
340 3648 488 3713 Narrate
506 3647 549 3712 de
559 3647 670 3712 AEnea
683 3665 717 3713 et
728 3646 877 3711 Anchise
890 3663 967 3709 onte
981 3643 1010 3707 b.
1031 3643 1065 3706 T
1059 3665 1109 3707 ro-

62 3757 139 3838 jani
161 3770 326 3841 tempora,-
354 3754 410 3817 lib.
430 3755 493 3818 Xll
518 3756 593 3819 Exc.
618 3756 658 3817 V.
680 3753 825 3840 Censura
847 3772 1050 3839 eorumquae
1072 3752 1107 3812 in

72 3856 219 3940 AEnetilis
230 3862 407 3922 oeconomia
421 3857 614 3945 reprehendi
626 3875 768 3944 possunt.

113 3963 193 4051 Sunt
211 3964 287 4042 alia,
309 3987 381 4053 quae
402 3964 445 4030 ad
459 3981 630 4029 externum
650 3964 758 4052 operis
776 3962 926 4027 habitum
945 3976 1105 4048 spectant,

78 4063 237 4160 inquibus
253 4072 420 4162 diligentia
438 4071 585 4141 adhibita
603 4087 652 4137 est
672 4088 794 4160 quanta
807 4068 961 4167 *adhiberi
980 4067 1107 4156 potuit,

906 4192 930 4242 3.
