2670 4824
141 349 182 433 dl
526 347 787 412 PRAEFATIO

140 474 295 547 classicis,
310 470 459 560 inprimis
472 471 593 558 poetis,
608 468 875 559 interpretandis,
890 492 990 559 qtram
1002 490 1174 537 cumsenstt

138 580 352 669 grammatico
359 579 560 661 conjunctum
573 579 709 639 retinere
717 598 846 639 sensum
856 577 1033 660 poett'cum;
1043 591 1088 653 et,
1098 573 1174 638 dum

141 684 301 747 sermonis
314 681 561 770 proprietatem,
577 681 733 744 orationis
746 678 930 744 retexendae
941 679 1026 745 etad
1035 680 1174 767 logicum

142 786 293 851 ordinem
306 784 498 850 revocandae
509 802 622 864 artem,
633 786 804 874 multoque
814 787 925 872 magis,
938 783 1020 847 dum
1034 785 1176 849 criticam

143 891 354 958 subtilitatem
372 891 535 979 sequeris,
555 888 684 968 videre,
704 887 786 978 quid
806 912 844 953 ex
865 890 1003 976 poeticae
1023 887 1177 952 orationis

144 997 241 1083 genio
263 1012 360 1082 poeta
381 993 511 1072 dixerit,
533 991 680 1084 quidque
699 993 932 1080 phantasmatis
955 994 1079 1080 poetici
1099 992 1178 1056 ratio

143 1098 285 1190 objicere
299 1101 370 1189 ejus
387 1099 497 1162 animo
512 1096 680 1161 debuerit:
703 1121 805 1177 nunc,
825 1099 934 1162 minus
950 1120 1051 1187 quam
1067 1115 1178 1174 antea,

142 1206 261 1269 criticis
274 1227 333 1268 seu
347 1204 564 1291 grammaticis
578 1202 812 1267 subtilitatibus
826 1203 1018 1291 implicitus,
1033 1204 1179 1266 animum

142 1310 296 1374 liberiore
310 1330 408 1374 cursu
421 1305 470 1372 ad
484 1310 588 1393 tpswn
596 1323 730 1392 poetam
744 1306 886 1403 intendi,
902 1325 939 1370 ut
951 1308 1053 1372 totius
1065 1308 1179 1372 carmi·

142 1417 194 1480 nis
208 1413 477 1502 descriptionem,
492 1414 635 1501 partium
653 1398 865 1491 consensum,
883 1414 1094 1477 inventorum
1112 1413 1181 1476 fon·

142 1535 224 1599 tem,
240 1536 273 1584 et
286 1519 427 1583 inventis
441 1517 556 1582 utendi
567 1502 685 1598 artem,
698 1516 960 1605 phantasmatum
975 1519 1181 1606 poeticorum

143 1642 177 1688 et
190 1625 350 1688 rationem
363 1639 395 1686 et
408 1623 634 1687 auctoritatem
648 1639 843 1686 excuterem.
858 1624 973 1712 Itaque
985 1623 1075 1687 1111113
1089 1623 1181 1689 facile

143 1728 261 1816 pagina
275 1727 394 1790 mansit
408 1727 540 1805 intacta,
556 1727 637 1815 quin
651 1749 766 1791 manus
781 1727 984 1791 emendatrix
996 1728 1182 1808 accederet,

143 1832 207 1896 alia
233 1829 412 1898 recidendo
439 1831 501 1894 alia
527 1829 714 1919 supplendo
742 1854 801 1895 seu
828 1831 1068 1897 substituendo.
1101 1834 1182 1897 Cum

144 1958 304 2002 summam
324 1935 518 1999 brevitatem
537 1935 572 1998 in
595 1935 864 2024 interpretatione
885 1934 1090 2025 sequendam
1114 1958 1183 2002 esse

143 2039 307 2120 viderem,
321 2040 499 2105 claritatem
512 2057 622 2104 tamen
636 2056 669 2104 et
682 2041 949 2129 perspicuitatem
962 2064 1040 2106 cum
1054 2064 1093 2105 ea
1107 2064 1182 2107 con·

139 2144 288 2236 junctam
303 2168 374 2210 esse
387 2145 487 2208 volui.
504 2142 603 2226 Quod
619 2145 644 2209 si
663 2143 705 2208 ad
725 2143 878 2222 Cerdam,
894 2146 1088 2226 Heinsium,
1106 2149 1183 2210 Bur·

143 2274 303 2317 mannum
318 2268 351 2315 et
370 2250 451 2314 alios
472 2250 619 2327 remitto,
641 2248 706 2314 hoc
726 2272 794 2312 non
812 2272 873 2336 pro
892 2251 998 2313 inutili
1017 2250 1117 2316 citato
1130 2251 1186 2316 ha-

142 2352 301 2434 bendum,
315 2377 430 2417 vorum
445 2350 656 2442 quaerendam
670 2354 716 2416 ibi
730 2376 801 2418 esse
816 2346 1041 2444 exemplorum
1055 2359 1184 2446 copiam

145 2482 203 2522 seu
227 2459 418 2522 ulteriorem
441 2455 696 2521 declarationem
717 2458 801 2546 ejus,
827 2458 918 2547 quod
936 2460 1038 2525 verbo
1057 2478 1185 2527 tantum

145 2568 273 2643 notavi3
291 2587 353 2629 nec
369 2563 515 2650 ablegari
533 2563 575 2627 ad
593 2564 687 2642 alios,
704 2567 785 2654 quin
804 2567 874 2654 ipse
889 2591 958 2630 rem
975 2585 1007 2632 et
1023 2591 1184 2634 summam

145 2669 381 2734 observationis
394 2691 615 2757 apponerem:
638 2670 720 2734 nihil
739 2673 828 2734 enirn
848 2694 918 2736 esse
939 2690 1048 2760 potest
1068 2677 1186 2740 moles·

144 2776 224 2852 tius,
248 2797 361 2863 quam,
381 2773 438 2838 ubi
459 2774 493 2836 in
514 2775 600 2838 notis
621 2775 767 2839 virorum
784 2775 958 2841 doctorum
978 2778 1019 2842 ad
1041 2778 1184 2868 aliquam

145 2880 373 2945 difficultatem
392 2878 557 2959 offendas,
579 2881 606 2944 si
625 2880 708 2944 nihil
728 2880 818 2944 aliud
841 2881 952 2946 videas
966 2881 1183 2971 adscriptum,

145 3009 245 3075 quam
254 2983 434 3049 videndum
449 3007 520 3049 esse
530 2984 620 3051 hunc
629 2987 682 3049 vel
694 2985 788 3049 illum
797 2988 904 3050 virum
914 2986 1060 3052 doctum.
1074 2991 1183 3078 Atqui,

144 3092 172 3155 si
185 3092 266 3156 alios
277 3090 449 3156 consulere
463 3090 655 3169 voluissem,
671 3113 739 3154 non
754 3091 966 3179 inspexissem
980 3110 1027 3172 te,
1046 3116 1066 3157 0
1080 3093 1184 3159 bone!

145 3197 249 3283 Igitur
266 3197 336 3282 ipsa
355 3217 407 3259 res
428 3195 542 3259 saltem
564 3212 613 3260 est
632 3194 847 3284 apponenda3
863 3196 996 3262 uberior
1009 3176 1185 3263 declaratio

144 3298 321 3389 quaerenda
343 3298 432 3387 apud
454 3323 548 3378 eum,
572 3302 629 3388 qui
657 3301 691 3362 in
714 3323 752 3363 ea
774 3299 967 3364 illustranda
987 3302 1184 3390 singularem

145 3427 280 3494 operam
293 3406 413 3491 posuit.
424 3404 483 3468 1113
492 3428 571 3470 vero
582 3405 694 3493 iniqua
707 3406 759 3469 lex
771 3423 833 3484 est,
844 3405 901 3468 nbi
912 3404 1019 3469 editor
1030 3429 1185 3494 magnum

144 3511 281 3574 aliarum
295 3508 478 3573 editionum
493 3532 668 3574 numerum
683 3510 717 3571 in
731 3525 854 3573 struem
867 3511 1035 3598 ingentem
1048 3511 1135 3575 circa
1151 3532 1185 3574 se

145 3631 372 3680 coacervatum
394 3615 507 3692 habet,
532 3632 565 3680 et
589 3633 745 3705 tanquam
776 3618 809 3679 in
828 3639 951 3704 organo
974 3619 1184 3705 pneumatico

145 3719 247 3783 modo
261 3718 345 3783 hanc
364 3718 464 3782 modo
480 3719 568 3782 illam
584 3718 697 3782 tibiam
716 3719 821 3800 inflat,
837 3722 864 3785 si
884 3721 974 3785 idem
992 3745 1082 3787 nunc
1102 3740 1182 3799 ate,

145 3826 203 3912 qui
215 3821 346 3911 legendi
358 3845 470 3888 caussa
483 3824 604 3889 librum
618 3827 652 3889 in
666 3848 782 3891 manus
797 3829 912 3907 sumis,
927 3829 1121 3916 postulatur,
1138 3846 1183 3907 ut,

145 3930 274 4016 quoties
287 3927 478 3992 difficultate
492 3929 601 4020 aliqua
615 3931 789 4020 obseptum
804 3950 836 3997 te
851 3932 971 4012 videas,
985 3951 1092 3999 totum
1102 3929 1182 3996 illud

146 4055 305 4125 organum
317 4056 417 4099 manu
431 4051 558 4117 tractes,
575 4054 607 4103 et
622 4060 754 4103 omnem
769 4057 961 4128 apparatum
972 4057 1004 4106 et
1017 4042 1087 4129 ipse
1099 4041 1182 4106 circa
