2670 4824
301 328 1022 400 TOMIIII'EDITIONISPRIMAE.
1142 359 1183 431 29
1278 368 1282 374 -

139 454 263 521 dorum
271 452 611 542 illustrandorumque
625 453 822 541 scriptorum
830 453 1027 544 plerumque
1038 453 1122 519 adeo
1136 457 1185 520 in-

139 579 265 626 certam
275 578 310 626 et
319 561 403 624 male
412 558 692 646 circumscriptam
702 558 821 645 vagari,
833 577 870 622 ut
881 558 963 648 quid
973 559 1035 624 sibi
1044 582 1184 650 sequen·

141 665 236 746 dum,
250 665 335 756 quid
349 662 568 730 omittendum
581 679 683 742 esset,
699 662 851 727 omnibus
865 664 936 728 aliis
950 667 1051 753 magis
1065 668 1185 730 consti·

141 773 218 836 tisse
231 770 345 836 videas
359 790 459 858 quam
474 767 664 832 editoribus.
678 768 785 855 Digna
798 785 925 847 maest,
941 791 1015 858 quae
1030 770 1095 835 alio
1109 770 1184 835 loco

140 877 334 955 accuratius,
346 877 431 939 forte
441 875 541 939 etiam
551 874 779 962 opportunius,
794 897 875 939 ame
886 892 1081 963 exponatur3
1095 898 1185 942 nunc

142 981 182 1046 ad
196 982 261 1047 alia
275 977 525 1071 procedendum
539 995 598 1045 est.

182 1089 304 1152 Monoi
319 1088 404 1151 forte
419 1083 586 1150 interdum
602 1085 774 1165 nonnulla,
791 1108 865 1175 quae
878 1104 954 1151 ante
968 1110 1022 1152 me
1039 1086 1081 1152 ah
1095 1089 1183 1168 aliis,

140 1192 241 1258 etiam
260 1215 321 1281 per
339 1191 401 1257 hos
421 1213 539 1271 annos,
556 1213 639 1282 quos
658 1193 692 1256 in
706 1192 843 1280 Virgilio
861 1193 1107 1282 interpretando
1124 1218 1185 1283 per

141 1298 312 1361 intervalla
325 1298 507 1377 consumsi,
519 1297 587 1387 jam
602 1314 760 1387 occupata
773 1300 884 1379 fuere3
899 1301 994 1363 omisi
1008 1301 1093 1364 forte
1106 1302 1184 1381 alia,

140 1425 215 1492 quoe
229 1403 273 1467 ab
286 1403 357 1467 aliis
372 1403 502 1492 egregie
517 1402 675 1469 illustrata
687 1421 773 1467 sunt.
787 1406 855 1469 Nec
870 1404 999 1484 dubito,
1015 1406 1116 1470 multa
1132 1429 1184 1471 or·

140 1525 296 1573 namenta
318 1531 400 1574 meae
424 1530 533 1598 operae
558 1507 636 1573 inde
659 1507 816 1575 accedere
840 1512 1005 1597 potuisse,
1028 1513 1055 1575 si
1078 1514 1184 1578 varios

140 1615 290 1678 virorum
309 1611 483 1678 doctorum
503 1614 605 1678 critici
626 1615 810 1701 argumenti
830 1614 958 1679 libellos
980 1616 1131 1679 evolvere
1146 1639 1185 1681 ac

139 1742 333 1808 comparare
351 1721 542 1808 potuissem.
564 1718 629 1783 Sed
647 1720 810 1799 animum,
830 1721 926 1784 variis
947 1722 1032 1785 curis
1049 1722 1119 1810 jam
1138 1724 1185 1787 sic

138 1827 217 1890 satis
232 1825 434 1903 districtum,
450 1847 538 1889 novo
553 1839 586 1887 et
600 1824 739 1888 molesto
751 1823 860 1888 studio
876 1848 1011 1889 onerare
1024 1848 1061 1891 ac
1076 1826 1184 1913 depri-

139 1953 231 1995 mere
245 1952 364 2019 parum
378 1930 565 1994 consultum
576 1946 662 2010 era13
676 1947 747 1992 tum
760 1952 838 1993 vero
848 1930 917 2019 jam
926 1948 1002 1995 ante
1015 1932 1184 2018 professus

139 2058 227 2116 sum,
242 2035 345 2124 idque
360 2035 541 2100 etiamnum
554 2034 726 2122 profiteor,
746 2034 869 2101 habere
882 2061 936 2100 me
950 2037 1014 2102 hoc
1031 2039 1065 2100 in
1080 2039 1182 2116 votis,

139 2159 175 2205 ut
188 2140 232 2206 ad
245 2140 428 2205 editionem
446 2139 532 2205 hane
552 2142 646 2205 novis
667 2141 752 2205 curis
772 2140 1013 2206 emendandam
1033 2165 1070 2207 ac
1093 2144 1183 2207 locu·

138 2243 330 2334 pletendam
348 2246 519 2311 conferant
537 2268 611 2310 suas
625 2268 706 2335 opes
721 2263 754 2311 et
768 2247 877 2334 copias
894 2248 955 2310 viri
970 2246 1058 2312 docti
1075 2263 1108 2312 et
1124 2272 1185 2335 pu·

138 2349 224 2416 blice
239 2367 445 2440 proponant,
462 2351 520 2439 qui
540 2351 574 2415 in
595 2368 695 2440 poeta
715 2351 961 2441 interpretando
980 2375 1018 2416 ea
1039 2370 1183 2418 utentur.

139 2457 187 2521 lta
211 2456 351 2521 demum
369 2457 532 2545 expectari
553 2474 677 2546 potest,
703 2474 740 2522 ut
766 2481 913 2523 summus
933 2476 1032 2546 poeta
1051 2457 1185 2547 dignam

138 2583 171 2626 se
185 2563 396 2628 nanciscatur
408 2563 722 2651 interpretationem.
738 2565 821 2629 Sunt
834 2566 922 2629 enim
937 2567 971 2628 in
985 2565 1049 2630 hoc
1063 2587 1184 2653 genere

137 2667 326 2746 innumera,
342 2669 376 2731 in
391 2691 464 2758 quae
483 2667 606 2734 incidas
624 2671 749 2758 potins,
769 2693 868 2759 quam
883 2686 920 2734 ut
934 2694 972 2735 ea
992 2670 1184 2735 meditando

139 2771 315 2851 extundas,
339 2794 401 2836 nec
414 2774 513 2838 unius
528 2775 622 2839 facile
641 2775 784 2839 hominis
799 2777 953 2863 sagacitas
967 2792 1024 2840 aut
1038 2774 1184 2840 studium

139 2895 365 2968 consequatur
384 2878 503 2942 omnia.
526 2880 631 2942 Fuere
653 2902 787 2967 quoque
808 2882 870 2943 viri
892 2879 998 2960 docti,
1019 2882 1077 2969 qui
1099 2883 1184 2946 votis

139 2983 188 3049 his
202 2985 287 3048 meis
302 2981 550 3072 responderent.
570 2985 775 3070 Proposuere
793 2986 881 3048 enim
900 2987 1129 3074 supplementa
1146 2988 1184 3050 'in
1240 3062 1244 3069 Ι

139 3090 301 3177 Georgica
323 3088 508 3163 Gez'slems,
528 3087 769 3177 Bergstroesser,
787 3089 936 3165 Nezlrer,
953 3091 1014 3154 viri
1035 3089 1182 3157 doctissi-

139 3197 198 3276 mi,
215 3196 304 3259 inter
318 3216 391 3283 quae
409 3217 477 3257 non
492 3216 595 3282 pauca
609 3209 701 3272 sunt,
718 3217 791 3283 qnae
812 3197 882 3282 ipse
902 3196 936 3259 in
959 3218 1044 3259 nova
1064 3197 1182 3283 prioris

140 3301 327 3364 Voluminis
343 3301 535 3364 recensione
556 3299 784 3387 amplectenda
801 3299 935 3388 putabo.
955 3301 1076 3388 Accepi
1095 3322 1182 3365 com-

140 3408 306 3471 municata
316 3406 379 3469 alia
391 3427 452 3492 per
465 3405 574 3469 literas
585 3428 604 3467 a
618 3407 701 3469 Ven.
713 3404 881 3480 Emestio,
890 3422 928 3469 et
941 3427 960 3468 a
974 3403 1184 3479 Rudnlsem‘o,

142 3512 212 3574 viro
237 3511 272 3573 in
295 3525 364 3574 arte
381 3510 493 3574 critica
513 3510 685 3598 utriusque
704 3511 863 3574 sermonis
884 3532 1028 3588 summe,
1053 3532 1126 3598 quae
1148 3509 1182 3573 in

144 3638 227 3680 nova
241 3614 387 3678 editione
399 3616 465 3679 suis
479 3615 559 3679 locis
572 3613 746 3679 inserenda
760 3620 865 3679 erunt.

185 3724 225 3785 ln
237 3722 392 3785 varietate
407 3719 571 3786 enotanda
584 3720 626 3787 ab
640 3721 734 3786 initio
749 3745 832 3786 onus
847 3720 928 3786 mihi
942 3720 1180 3808 imposueram,

146 3825 213 3913 ipso
226 3847 335 3912 operae
347 3848 503 3911 processu
514 3823 598 3890 adeo
612 3826 788 3891 molestum
802 3843 839 3890 ut
852 3823 1018 3890 interdum
1032 3824 1086 3886 vix
1101 3823 1181 3888 tole-

147 3933 205 3995 rari
227 3953 325 4018 posse
343 3930 518 3996 videretur.
543 3931 608 3998 Sed
625 3955 814 4021 receperam
832 3933 950 4012 semel,
973 3952 1105 3997 omnem
1125 3952 1180 3995 me

148 4037 331 4103 varietatem
345 4060 412 4107 non
426 4037 527 4105 modo
541 4037 582 4107 ab
597 4039 734 4108 Heinsio
749 4056 782 4106 et
795 4041 982 4119 Burmanno
997 4052 1177 4120 enecatam,
